2260 3454
560 231 635 265 AB
668 230 944 265 EUGIPPIO
979 230 1238 268 SCRIPTA.
1557 221 1651 287 649

692 310 919 353 CAPUT
986 311 1150 355 XVII.

178 388 427 503 TAlibus
444 392 579 453 igitur
596 385 745 433 beatus
767 389 995 434 Severinus
1015 404 1091 452 per
1101 387 1260 436 Christi
1270 397 1456 454 gratiam
1473 394 1651 460 opulen-

276 469 343 502 tus
354 453 605 501 muneribus
616 488 629 509 ,
648 457 929 518 captivorum
942 458 1074 501 etiam
1086 456 1379 522 egenorumq'3
1394 471 1559 506 tantam
1573 479 1650 507 cu-

173 539 266 568 ram
277 525 470 585 ingenita
480 519 554 566 fibi
564 525 724 585 pietate
735 519 969 586 susceperat
978 553 991 574 ,
1016 534 1065 568 ut
1075 539 1194 586 paene
1206 538 1361 568 omnes
1370 540 1445 587 per
1455 526 1650 574 universa

170 585 332 651 oppida
343 586 413 634 vel
423 585 587 634 castella
598 603 804 652 pauperes
815 623 825 641 ,
839 586 966 652 ipfius
977 586 1181 636 industria
1191 587 1477 654 pascerentur,
1491 591 1650 656 quibus

169 667 263 699 tam
281 652 376 699 laeta
386 651 675 701 sollicitudine
686 652 952 701 ministrabat
972 687 986 707 ,
1021 668 1073 701 ut
1082 669 1189 702 tunc
1202 655 1242 703 se
1251 655 1442 703 crederet
1452 669 1648 703 tantum-

166 717 310 765 modo
321 718 495 768 saturari
515 757 530 777 ,
562 719 632 767 vel
642 719 862 767 abundare
873 720 998 768 bonis
1009 721 1216 769 omnibus
1233 758 1245 779 ,
1279 721 1460 790 quando
1471 722 1649 770 videbat

166 791 397 850 egentium
410 804 597 854 corpora
606 786 838 835 sustentari.
869 790 928 835 Et
937 788 1138 855 cumipse
1149 787 1528 836 hebdomadarum
1538 806 1647 836 con—

165 857 341 900 tinuatis
349 859 514 916 jejuniis
534 854 717 901 minime
735 854 1009 920 frangeretur
1026 888 1041 908 ‚
1076 870 1224 904 tamen
1242 853 1374 903 esurie
1386 855 1649 904 miserorum

166 917 207 965 se
216 919 417 968 credebat
426 919 655 969 afflicstum.
701 924 839 983 CuJus
852 923 1130 988 largitionem
1147 936 1241 970 tarn
1253 927 1368 988 piam
1381 928 1425 969 in
1435 940 1647 989 pauperes

164 986 346 1051 plurimi
357 987 706 1053 contemplantes
722 1024 734 1044 ,
759 995 960 1056 quamvis
972 1007 1025 1036 ex
1037 988 1148 1037 duro
1158 989 1444 1037 barbarorum
1455 994 1648 1054 imperio

163 1052 292 1100 famis
301 1054 516 1119 angustias
524 1054 789 1108 sustinerent,
802 1054 1078 1103 devotiffime
1089 1071 1237 1103 tamen
1248 1055 1432 1122 frugum
1445 1056 1646 1103 suarum-2

162 1118 354 1167 decimas
366 1122 623 1188 pauperibus
635 1121 959 1187 impendebant.
1005 1122 1143 1185 Qod
1156 1122 1415 1170 mandatum
1426 1122 1527 1170 licet
1537 1140 1648 1169 cun·

163 1186 245 1232 ‹stis
257 1205 310 1233 ex
327 1187 425 1253 lege
434 1186 708 1236 notissimum
720 1187 791 1244 fit,
819 1202 967 1237 tamen
984 1187 1104 1256 quafi
1115 1207 1168 1235 ex
1181 1206 1257 1236 ore
1268 1188 1412 1254 angeli
1430 1189 1643 1255 praesentis

160 1252 373 1310 audirent,
376 1269 500 1319 grata
511 1254 753 1302 devotione
763 1254 999 1302 servabant.
1026 1259 1179 1320 Frigus
1190 1273 1373 1321 quoque
1384 1261 1451 1303 vir
1462 1259 1546 1302 Dei
1556 1269 1647 1301 tan·

159 1332 259 1366 tum
271 1324 316 1366 in
324 1320 519 1369 nuditate
527 1339 770 1388 pauperum
782 1321 985 1368 sentiebat
1004 1357 1016 1378 ,
1037 1320 1249 1388 siquidem
1262 1320 1496 1386 specialiter
1506 1322 1530 1367 a
1540 1325 1643 1368 Deo

160 1401 411 1452 perceperat
431 1424 444 1444 ,
476 1402 527 1435 ut
538 1393 583 1434 in
595 1386 867 1452 frigidissima
876 1394 1056 1452 regione
1067 1387 1252 1434 mirabili
1261 1385 1512 1435 abstinentia
1523 1385 1644 1434 casti-

160 1466 289 1517 gatus
298 1486 312 1505 ,
332 1452 460 1501 fortis
470 1457 515 1500 &
527 1454 662 1500 alacer
670 1468 953 1518 permaneret.
1023 1456 1109 1500 Pro
1120 1452 1299 1500 decimis
1310 1467 1525 1510 autem‚ut
1535 1453 1643 1500 dixi-

159 1536 273 1576 mus,
284 1519 446 1576 dandis,
457 1519 616 1586 quibus
628 1537 836 1585 pauperes
849 1519 1063 1566 alerentur
1073 1556 1085 1576 ,
1106 1523 1260 1566 Norici
1273 1537 1414 1586 quoq3
1427 1519 1644 1585 presbyte-

159 1602 232 1632 ros
250 1585 381 1633 miffis
400 1585 716 1633 exhortabatur
734 1586 932 1652 epistolis.
979 1589 1047 1633 Ex
1065 1604 1153 1653 qua
1172 1585 1489 1634 consuetudine
1507 1603 1641 1634 cum.»

157 1651 420 1700 nonnullam
448 1652 503 1699 ad
520 1671 625 1700 eum
643 1651 968 1717 erogandarum
987 1651 1174 1700 vestium
1185 1657 1360 1718 copiam
1371 1651 1640 1706 direxissent,

153 1723 445 1784 interrogavit
455 1725 624 1787 eos,qui
643 1733 852 1766 venerant
877 1752 890 1771 ‚
931 1719 960 1765 fi
973 1736 1025 1764 ex
1038 1724 1213 1768 civitate
1232 1737 1417 1786 quoque
1426 1719 1640 1767 Tiburnia

153 1783 302 1831 similis
323 1785 500 1832 collatio
520 1792 780 1833 mitteretur.
835 1784 1213 1851 Respondentibus
1235 1789 1367 1832 etiam
1386 1785 1485 1832 inde
1536 1790 1640 1832 roti-

154 1869 235 1898 nus
245 1851 462 1899 affuturos
472 1888 484 1908 ,
504 1857 571 1898 vir
581 1856 665 1899 Dei
683 1869 966 1919 nequaquam
975 1869 1051 1899 eos
1072 1857 1218 1899 venire
1229 1851 1433 1916 fignavit,
1449 1851 1488 1899 se
1529 1851 1638 1899 dila-

157 1932 250 1965 tam
261 1936 420 1966 eorum
432 1918 706 1966 oblationem
717 1918 916 1984 praedixit
926 1917 1111 1965 barbaris
1131 1917 1417 1966 offerendam.
1486 1921 1548 1966 Ita
1583 1936 1640 1965 ue

155 2002 248 2032 non
260 1984 406 2032 multo
416 1984 512 2050 post
523 1989 638 2033 cives
649 1985 870 2032 Tiburniae
881 2017 893 2037 ,
916 1989 1041 2033 vario
1051 2002 1154 2033 cum
1165 1983 1460 2033 obsidentibus
1473 1937 1639 2032 Goiliis

155 2055 392 2099 certamine
401 2051 671 2105 dimicantes,
684 2055 759 2100 vix
770 2056 863 2098 initi
874 2051 1051 2099 foederis
1063 2051 1268 2118 pastione
1278 2055 1389 2098 inter
1400 2065 1550 2099 caetera
1561 2055 1638 2098 eti-

153 2135 227 2165 am
237 2118 298 2164 lar
333 2123 518 2165 itionem
527 2124 614 2178 jam
626 2124 669 2165 in
678 2134 819 2165 unum
839 2116 1045 2165 collatam
1066 2154 1078 2175 ,
1147 2135 1250 2165 uam
1269 2122 1443 2166 mittere
1460 2117 1636 2166 famulo

153 2189 240 2232 Dei
249 2135 513 2243 diffulerant,
523 2184 717 2233 hostibus
728 2221 740 2243 ‚
750 2197 800 2232 ut
809 2183 1062 2251 praedixerat
1071 2220 1083 2243 ,
1093 2203 1122 2231 ο
1155 2184 1364 2233 tulerunt.

643 2286 683 2332 C
705 2302 733 2331 A
753 2303 775 2332 P
797 2302 828 2333 u
850 2300 876 2331 τ
947 2286 988 2332 Χ
1001 2286 1136 2333 VIII.

161 2365 348 2479 Clves
358 2381 500 2432 qu0q3
518 2381 573 2410 ex
582 2361 751 2429 oppido
772 2366 985 2411 Lauriaco
1004 2361 1158 2410 crebro
1181 2354 1636 2431 quondaffiffin&iSe-

256 2436 391 2478 verini
402 2429 712 2478 exhortatione
731 2435 1000 2478 commoniti
1013 2466 1025 2486 ‚
1042 2429 1227 2494 frugum
1237 2429 1424 2478 decimas
1436 2435 1634 2496 pauperi-

154 2497 236 2544 bus
253 2497 414 2544 offerre
431 2496 691 2545 distulerant.
759 2496 933 2566 Qibus
942 2496 1061 2544 fame
1071 2494 1310 2544 constriffls
1318 2530 1331 2550 ,
1352 2503 1438 2558 jam
1449 2503 1632 2544 maturi-—

154 2578 245 2612 tate
258 2562 459 2611 meffium
469 2562 885 2617 flavescente,vicina
896 2562 1072 2610 subsidia
1081 2562 1444 2610 monstrabantur.
1486 2567 1547 2610 At
1558 2562 1636 2610 ubi

152 2631 364 2696 rubiginis
387 2629 622 2695 improvisa
642 2635 870 2696 corruptio
898 2629 1099 2695 frugibus
1130 2634 1332 2677 nocitura
1359 2634 1610 2694 comparuit
1620 2664 1636 2686 ,

152 2715 266 2745 mox
275 2697 330 2744 ad
338 2698 479 2762 ipsum
489 2697 736 2744 convenere
745 2696 965 2762 prostrati,
976 2714 1128 2762 poenas
1138 2695 1217 2743 suae
1227 2701 1514 2743 contumaciae
1525 2712 1633 2743 con-

153 2763 336 2811 fitentes.
382 2764 508 2812 Miles
520 2766 627 2811 vero
638 2762 796 2812 Christi
809 2800 822 2821 ,
835 2763 960 2811 feffos
971 2764 1112 2812 verbis
1123 2761 1407 2829 spiritualibus
1417 2760 1631 2810 allevabat

154 2830 303 2878 dicens
322 2848 334 2877 t
356 2834 398 2877 Si
409 2830 597 2878 decimas
606 2830 858 2878 obtulissetis
868 2828 1126 2897 pauperibus
1160 2865 1173 2887 ,
1217 2846 1308 2875 non
1319 2827 1461 2876 solum
1471 2842 1629 2876 aeterna

153 2895 354 2945 mercede
363 2897 638 2950 frueremini,
656 2916 814 2946 verum
827 2904 958 2945 etiam
970 2894 1220 2944 commodis
1231 2894 1401 2961 possetis
1411 2895 1630 2943 abundare

150 2963 429 3030 praesentibus
445 2983 456 3011 :
477 2964 558 3011 Sed
601 2970 670 3012 uia
682 2964 858 3030 culpam
871 2963 1137 3011 confeffione
1149 2968 1324 3027 propria
1335 2960 1545 3027 castigatis
1555 2998 1567 3020 ,
1578 2961 1633 3009 de

153 3035 342 3079 Domini
352 3037 511 3096 pietate
521 3049 581 3097 po
600 3031 732 3078 liceor
743 3067 754 3086 ,
798 3029 891 3078 uod
902 3030 1063 3094 rubigo
1072 3029 1248 3095 praesens
1260 3042 1350 3076 tarn
1360 3028 1501 3077 valide
1512 3033 1634 3095 peni-

154 3113 224 3146 tus
234 3116 326 3146 non
338 3097 536 3150 nocebit,
548 3112 721 3145 tantum
733 3095 761 3144 fi
795 3117 837 3145 es
847 3097 982 3145 vestra
995 3112 1086 3143 non
1099 3095 1284 3143 vacillet.
1331 3101 1502 3144 Verum
1513 3102 1630 3144 cives

152 3165 207 3212 ad
216 3163 517 3231 persolvendas
526 3182 580 3213 ex
588 3164 660 3213 illa
670 3163 738 3213 die
748 3164 934 3213 decimas
944 3163 1034 3211 haec
1044 3161 1269 3229 promiffio
1281 3161 1464 3211 reddidit
1475 3179 1628 3228 prom-

981 3232 1020 3278 K
1031 3228 1059 3278 k
1072 3228 1100 3276 k
1446 3234 1623 3295 ptiores.
