2260 3454
234 225 434 277 INVENTss
451 236 510 273 ET
526 235 724 271 TRANSL·
746 234 785 268 s.
806 234 1042 270 UDAmez
1065 236 1174 271 CUM
1192 240 1320 293 Qua.
1342 239 1516 276 MIRAC.
1565 226 1659 292 619

187 289 1285 369 mmdfum
1306 309 1424 350 mirae
1434 309 1657 368 magnitu-
1727 312 1730 314 ’

188 369 300 416 dinis
317 371 573 416 caementarii
590 364 643 412 ad
659 364 877 428 superiora
892 363 1070 410 funibus
1087 366 1303 413 traxiss'ent
1336 401 1350 419 ‚
1396 369 1573 418 funibus
1584 388 1657 417 ru-

188 437 384 501 ptislapis
404 434 489 499 ipse
508 438 594 478 ruit
614 431 737 494 super
756 429 976 497 quendam
999 430 1124 477 bona:
1143 429 1299 477 indolis
1315 433 1657 484 adolescentem-2

187 506 369 548 nomine
380 498 699 550 Cunradum,in
708 496 981 544 inferioribus
992 496 1175 544 stantem
1190 533 1204 553 ,
1239 501 1285 543 ὃς
1293 515 1397 544 eum
1415 504 1472 546 ita
1483 502 1658 564 prostra.

186 573 255 616 vit
269 603 281 623 ,
309 581 360 613 ut
369 572 455 626 jam
465 583 554 612 non
566 564 708 612 solum
719 577 949 610 mortuum
965 597 978 616 ,
1014 563 1082 610 sed
1091 569 1222 610 etiam
1230 582 1307 630 per
1316 564 1515 612 membra
1529 571 1571 612 &
1585 586 1660 632 per

186 633 392 681 articulos
412 645 561 679 totum
582 630 831 696 dissipatum
858 635 902 678 ὃς
928 630 1211 678 confr-aetum
1238 630 1445 678 crederes„
1522 636 1660 679 Hein-

186 704 391 765 ricus,qui
405 713 510 746 tunc
520 702 642 745 Prior
653 697 846 745 coenobii
859 711 949 745 erat
981 733 994 754 ,
1029 697 1151 744 &alii
1166 697 1350 762 religiofi
1362 696 1413 744 ad
1427 697 1554 762 pedes
1572 698 1662 745 san-

184 766 246 812 &i
259 765 443 812 Udalrici
454 771 498 812 in
509 765 640 813 fovea
658 763 810 812 stantes
830 763 1054 829 &psalmis
1067 782 1248 830 operam
1268 763 1414 811 dantes
1447 799 1462 818 ,
1508 779 1660 811 mente

182 831 440 879 consternati
451 832 560 888 sunt,
574 836 619 878 &3
630 850 765 879 omne
778 830 1006 878 consilium
1020 837 1190 896 penitus
1201 830 1254 878 ab
1266 836 1322 878 eis
1333 831 1510 879 receffit.
1556 834 1659 878 Por-

180 916 234 945 ro
247 903 423 965 viri,qui
439 904 483 945 in
503 898 787 963 superioribus
805 898 981 950 stabant,
995 903 1230 963 praecipites
1250 896 1375 945 saltus
1385 903 1429 944 in
1451 898 1659 946 foveama

185 964 421 1018 dederunt,
440 980 489 1012 ut
498 972 584 1026 jam
593 984 684 1012 non
696 970 803 1013 vivo
815 970 1060 1030 corpori‚ut
1072 964 1315 1029 sperabant,
1336 963 1405 1011 sed
1414 969 1601 1012 exanimi
1612 969 1660 1011 δε

188 1031 339 1079 colliso
350 1051 425 1097 per
439 1033 637 1079 membra
648 1031 935 1079 subvenirent.
1005 1036 1117 1078 Mira
1129 1030 1323 1078 dielurus
1341 1031 1435 1078 sum
1457 1065 1471 1083 ‚
1506 1030 1658 1078 avulso

185 1098 325 1163 lapide
335 1098 574 1146 adolescens
586 1098 704 1165 quafi
715 1104 758 1145 in
770 1097 897 1144 extasi
910 1103 1035 1145 vivus
1045 1103 1265 1145 invenitur
1283 1134 1296 1154 ‚
1325 1115 1376 1144 ac
1383 1098 1436 1144 de
1448 1111 1559 1145 terra
1570 1097 1659 1144 sub-

190 1165 302 1211 latus
321 1165 442 1212 sanus
462 1170 505 1212 ὃς
522 1166 755 1212 incolumis
787 1198 801 1217 ,
846 1182 949 1211 cum
970 1163 1142 1228 pausare
1157 1163 1479 1230 aliquantulum
1494 1164 1659 1223 jubere-

187 1245 260 1278 tur
274 1265 286 1283 ,
321 1231 405 1295 ipse
424 1231 648 1278 indefeffus
668 1230 719 1278 ad
733 1248 843 1295 opus
854 1228 978 1275 rediit
996 1263 1009 1281 ‚
1044 1235 1345 1276 &moerorem
1363 1230 1528 1293 gaudio
1541 1248 1660 1277 com-

184 1304 387 1344 mutavit.
455 1297 712 1344 Benedicitus
730 1300 942 1361 Deus,qui
963 1295 1074 1341 estin
1096 1295 1253 1342 saecula.
1298 1295 1388 1360 Ipsa
1406 1295 1474 1342 die
1484 1296 1659 1360 Episco-

186 1382 266 1430 pus
277 1363 369 1410 solo
381 1382 489 1428 pane
503 1369 546 1410 δε
557 1381 669 1429 aqua
677 1376 911 1408 contentus
922 1368 981 1407 rei
998 1361 1255 1427 expediabat
1273 1376 1495 1408 eventum.
1516 1365 1661 1408 Immi-

184 1444 315 1477 nente
335 1444 484 1477 autem
504 1430 636 1476 nodie
653 1434 847 1494 purgatis
865 1428 1072 1474 omnibus
1105 1463 1119 1484 ,
1165 1431 1210 1474 δε
1226 1427 1346 1474 aditu
1364 1428 1585 1493 patefacito
1603 1427 1659 1475 ad

185 1495 463 1560 sepulchrum
495 1532 507 1552 ‚
551 1510 735 1542 vocatus
752 1499 872 1540 venit
885 1511 987 1540 cum
1007 1498 1152 1558 paucis
1180 1498 1224 1539 in
1251 1494 1485 1540 ecclesiam.
1554 1497 1659 1559 Epi-

185 1562 338 1627 scopus
348 1562 467 1608 sacris
478 1561 661 1609 vestibus
672 1560 860 1618 indutus,
871 1577 973 1606 cum
986 1578 1147 1624 magna
1163 1567 1402 1609 reverentia
1412 1560 1534 1607 nudis
1548 1560 1660 1626 pedi.

186 1627 464 1674 busdimiffus
483 1627 540 1675 est
560 1635 602 1674 in
615 1627 794 1675 foveam
829 1663 842 1684 ,
889 1631 934 1672 ὃς
952 1627 1009 1673 ibi
1026 1625 1134 1673 stans
1154 1626 1277 1691 super
1304 1626 1502 1673 sanetum
1524 1626 1660 1692 sepul-

186 1693 343 1741 chrum
380 1729 393 1747 ,
440 1709 566 1741 oratu
576 1697 733 1740 Prioris
745 1693 937 1738 coenobii
956 1692 1030 1739 sub
1047 1693 1322 1739 anathemate
1342 1693 1584 1745 interdixit,
1602 1710 1659 1739 ne

187 1766 284 1828 quis
303 1761 459 1807 furtim
480 1760 534 1806 de
556 1764 683 1807 tantis
707 1764 931 1824 quippiam
954 1757 1219 1806 subtraheret
1247 1758 1450 1826 reliquiis.
1506 1762 1660 1805 Inven-

189 1841 286 1873 tum
300 1826 498 1891 elligitur
517 1843 674 1890 corpus
691 1823 934 1871 sanctissimi
956 1823 1208 1871 confefforis
1230 1825 1351 1890 super
1362 1843 1518 1872 aurum
1532 1828 1575 1871 &
1589 1839 1659 1872 to-

186 1899 345 1957 pazion
365 1892 602 1957 pretiosum
629 1926 642 1944 ,
690 1909 792 1938 cum
835 1890 1065 1937 uibusdam
1084 1890 1300 1955 particulis
1312 1891 1659 1956 pontificalium)

185 1959 464 2006 induviarum
482 1958 672 2005 necdum
693 1910 901 2005 vetufilate
918 1958 1278 2022 consumptarum
1310 1994 1323 2014 ,
1369 1962 1414 2004 δε
1432 1963 1476 2003 in
1497 1957 1656 2004 dextro

183 2025 314 2072 latere
334 2024 388 2073 ad
404 2039 533 2091 caput
551 2029 658 2090 pixis
679 2037 882 2088 argentea
899 2021 1144 2071 admodum
1163 2029 1301 2071 nitens
1321 2029 1364 2070 in
1386 2023 1565 2071 saccello
1577 2023 1659 2071 ho->

182 2092 363 2139 loserico
398 2129 410 2149 ‚
456 2096 554 2138 &in
572 2089 714 2156 pixide
732 2097 807 2146 <ut
826 2089 1006 2157 quidam
1025 2089 1257 2155 dicebant)
1278 2089 1448 2155 sanguis
1467 2095 1657 2137 Domini

186 2161 232 2205 δε
252 2159 331 2205 alia
351 2158 492 2205 sanCia
517 2156 863 2205 continebantur.
919 2159 1100 2204 Inventa
1121 2155 1178 2204 est
1197 2162 1328 2204 etiam
1349 2156 1506 2204 cistella
1523 2157 1654 2204 serata

184 2224 430 2272 admodum
449 2241 609 2289 magna
631 2258 644 2277 ,
691 2241 788 2290 quae
799 2227 947 2269 omnia
958 2223 1083 2288 plena
1101 2237 1222 2270 erant
1234 2226 1279 2271 ὃς
1298 2223 1453 2270 referta
1465 2223 1655 2289 reliquiis

185 2290 448 2339 saneiorum.
515 2295 692 2356 Corpus
711 2295 844 2354 igitur
862 2288 974 2336 beati
993 2288 1182 2337 Udalrici
1203 2308 1306 2337 cum
1326 2288 1530 2337 universis
1558 2289 1655 2335 reli-

186 2363 298 2424 quiis
308 2357 423 2405 ostro
434 2357 687 2405 involutum
706 2390 718 2408 ‚
746 2362 789 2402 in
801 2354 1034 2420 gestatorio
1054 2356 1202 2420 ligneo
1215 2355 1428 2402 reclusum
1447 2355 1503 2401 est
1524 2390 1536 2410 ‚
1579 2354 1657 2402 do-

186 2442 266 2471 nec
277 2425 391 2471 aliud
401 2424 681 2490 gestatorium
691 2440 902 2489 cupreum
922 2440 975 2469 ex
985 2435 1086 2469 toto
1098 2420 1279 2468 firmum
1293 2421 1461 2470 fadlum
1472 2420 1529 2468 est
1553 2457 1565 2477 ,
1609 2425 1656 2468 in

187 2509 282 2557 quo
308 2491 615 2538 sanffiffimum
643 2507 801 2555 corpus
819 2489 1047 2554 diligenter
1068 2487 1127 2535 est
1147 2489 1424 2536 reconditum
1449 2524 1461 2544 ,
1507 2486 1654 2552 pixide

187 2572 390 2623 argentea
404 2557 457 2604 ad
477 2572 607 2623 caput
623 2555 760 2622 posita
780 2574 882 2604 cum
900 2560 1057 2603 caeteris
1081 2554 1282 2621 reliquiis.
1345 2558 1393 2601 In
1414 2552 1503 2619 ipso
1521 2552 1652 2618 sepul-

187 2624 298 2670 chro
309 2625 546 2689 Episcopus
567 2641 617 2670 os
629 2622 855 2691 quoddam
874 2623 927 2670 de
938 2621 1053 2669 costa
1069 2621 1199 2669 santffl
1219 2620 1467 2668 confessoris
1487 2619 1652 2667 temere

183 2690 383 2755 surripuit
401 2728 414 2748 ,
449 2695 494 2738 δε
516 2697 560 2738 in
579 2689 709 2738 frusta
738 2695 1064 2737 comminutum
1094 2687 1340 2735 indecenter
1364 2704 1445 2752 pro
1464 2686 1652 2752 reliquiis

186 2757 403 2823 marsupio
413 2756 629 2824 imposuit.
696 2760 775 2804 Per
785 2763 934 2804 omnia
945 2762 1076 2803 etiam
1089 2760 1237 2802 animo
1256 2759 1515 2800 immutatus
1527 2785 1539 2805 ,
1558 2751 1650 2799 val-

187 2824 243 2870 de
266 2824 439 2874 infestus
455 2825 559 2872 loco
579 2829 724 2871 extitit
756 2857 769 2876 ,
818 2823 997 2891 &quod
1016 2823 1294 2888 reliquiarum
1315 2819 1445 2867 sanffi
1461 2817 1648 2866 Udalrici

189 2908 271 2956 pro
302 2891 372 2937 sua
397 2892 624 2938 voluntate
647 2909 833 2956 compos
861 2889 1035 2937 existere
1060 2906 1151 2935 non
1174 2892 1320 2952 potuit
1352 2920 1367 2940 ‚
1413 2903 1650 2950 congrega-

188 2964 310 3005 tione
338 2957 487 3004 stinfiae
521 2958 637 3004 Afrae
671 2956 951 3004 vehementer
986 2961 1194 3002 renitente
1217 2987 1230 3007 ‚
1277 2952 1647 3019 persecutionem-2

185 3043 397 3090 magnam
408 3024 601 3072 adversus
613 3024 763 3070 locum
773 3030 917 3072 movit
928 3057 940 3076 ,
962 3024 1076 3068 unde
1089 3025 1133 3067 ὃς
1146 3025 1364 3068 Dominus
1374 3038 1476 3066 eum
1487 3018 1648 3066 eodem

187 3093 215 3121 *⁸
235 3110 349 3137 anno
368 3097 456 3137 vita
476 3095 662 3156 privavit
689 3127 703 3148 ,
746 3090 854 3139 ficut
870 3096 913 3137 in
925 3087 1282 3154 consequentibus
1292 3086 1465 3154 patebit.
1534 3088 1646 3147 Qui·
1667 3100 1822 3129 *Annona

188 3157 291 3206 dam
301 3157 529 3206 Udalscalci
540 3156 730 3206 famulus
742 3155 954 3224 Praepositi
967 3159 1137 3216 majoris
1149 3154 1329 3203 ecclefiae
1340 3189 1352 3212 ,
1366 3158 1442 3222 qui
1451 3152 1645 3218 postmo-
1666 3151 1748 3212 ΖΜ

960 3227 1082 3288 Ggg
1133 3241 1168 3280 4
1537 3217 1646 3266 dum

1696 3144 1766 3169 irum
1776 3143 1834 3169 fier-
