2260 3454
864 749 981 795 IN

254 842 604 915 VITAM
652 845 1035 918 SANCTI
1077 845 1573 919 SEVERINI·

440 994 491 1037 ξι,
507 979 680 1023 Omino
697 974 846 1023 sancito
875 975 1131 1043 semperque
1161 976 1409 1025 charissimo
1427 981 1654 1044 Eugippio

448 1042 760 1116 presbytero
781 1041 1022 1090 Paschafius
1041 1044 1264 1092 diaconus,
1308 1048 1455 1092 Frater
1466 1050 1510 1092 in
1525 1046 1653 1092 Chri-

483 1107 568 1156 ?sto
579 1108 821 1156 chariss-ime
852 1146 865 1166 ,
910 1110 1020 1157 dum
1039 1127 1120 1157 nos
1130 1115 1288 1176 peritiae
1298 1124 1382 1158 tuae
1391 1111 1592 1161 facundia
1608 1116 1654 1159 δε

461 1176 582 1238 [otii
601 1175 805 1222 felicitate
824 1176 1051 1241 perpendis
1084 1209 1096 1228 ,
1140 1177 1446 1224 amaritudines
1469 1196 1654 1244 occupa-

401 1228 491 1281 &Q
503 1241 732 1308 tionescjue
742 1242 1001 1307 multiplices
1012 1257 1298 1307 peccatorum
1310 1244 1493 1291 retracffla
1503 1278 1516 1296 ,
1537 1248 1581 1291 δε
1597 1263 1652 1291 ne

499 1307 766 1368 condemnes
779 1344 790 1364 ‚
816 1306 995 1374 pudoris
1004 1308 1217 1369 jaCturam
1228 1307 1463 1356 dilecstione
1482 1309 1646 1358 sustine.

169 1375 374 1424 Dii-existi
399 1378 892 1431 commemoratorium,
904 1380 975 1421 cui
993 1373 1102 1421 nihil
1128 1373 1259 1439 possit
1287 1375 1468 1436 adjicere
1495 1376 1650 1424 facun-

162 1443 232 1490 dia
244 1448 488 1507 peritorum
506 1462 518 1496 3
554 1444 739 1506 &opus,
752 1440 877 1507 quod
886 1440 1070 1487 ecclefiae
1089 1440 1340 1488 universitas
1358 1441 1488 1507 poffit
1507 1461 1648 1490 recen-

160 1508 248 1556 sere
269 1542 283 1562 ‚
317 1509 438 1556 brevi
448 1505 628 1554 reserasti
651 1505 921 1572 compendio
938 1542 950 1564 ,
984 1505 1094 1554 dum
1109 1506 1426 1555 beatiSeverini
1437 1507 1644 1557 finitimas

159 1574 491 1623 Pannoniorum
511 1577 756 1639 provincias
775 1573 1004 1620 incolentis
1039 1609 1051 1630 ‚
1097 1578 1235 1621 vitam
1247 1574 1484 1641 moresque
1495 1581 1640 1624 verius

158 1639 374 1708 explicasti
392 1674 407 1695 ,
453 1644 498 1687 δε
511 1658 607 1708 quae
618 1657 694 1705 per
705 1639 832 1699 illum
843 1639 988 1687 divina
1000 1645 1138 1688 virtus
1148 1640 1206 1688 est
1215 1655 1394 1706 operata
1402 1643 1611 1690 miracula
1623 1677 1638 1696 ‚

159 1708 374 1755 diuturnis
391 1706 592 1755 mansura
610 1705 886 1770 temporibus
908 1705 1112 1754 tradidisti
1129 1712 1355 1760 memoriae
1365 1707 1638 1773 posteritatis.

156 1774 365 1823 Nesciunt
376 1773 491 1821 facita
500 1780 677 1838 piorum
689 1778 903 1838 praeterire
914 1789 1018 1819 cum
1029 1771 1183 1819 saeculo
1200 1809 1212 1830 ,
1241 1788 1292 1821 ut
1301 1792 1457 1821 omnes
1469 1776 1642 1840 praesen-

158 1856 249 1888 tem
262 1839 463 1896 habeant,
478 1843 524 1886 δε
537 1839 682 1886 secum
696 1837 1037 1906 quodammodo
1048 1838 1230 1888 sentiant
1241 1848 1527 1899 commorari,
1540 1848 1637 1910 qui-

157 1909 238 1955 bus
249 1925 352 1954 eum
363 1905 570 1954 revelatio
582 1911 825 1971 pervexerit
834 1905 1047 1953 leerionis.
1060 1909 1120 1954 Et
1129 1905 1230 1954 ideo
1243 1913 1346 1975 quia
1357 1922 1407 1955 tu
1418 1908 1524 1962 haec,
1537 1928 1636 1977 quae

156 1992 230 2021 me
239 1972 453 2021 narrando
465 1971 681 2038 poscebas,
690 1972 887 2020 elocutus
896 1990 939 2019 es
951 1971 1183 2039 simplicius
1193 2007 1207 2028 ,
1217 1973 1434 2039 explicasti
1444 1974 1610 2024 facilius
1622 2013 1635 2033 ,

154 2040 263 2089 nihil
274 2040 563 2101 adjiciendum
574 2039 711 2086 labori
723 2039 864 2089 vestro
877 2038 1016 2087 studio
1028 2040 1178 2088 nostro
1190 2040 1472 2089 credidimus:
1495 2046 1536 2089 Si
1573 2050 1637 2090 ui-

153 2107 255 2156 dem
267 2107 387 2154 aliter
394 2107 540 2154 audita
548 2125 770 2154 narramus
782 2140 795 2160 ‚
818 2106 940 2154 aliter
948 2121 1125 2173 experta
1135 2107 1455 2173 depromimus,
1468 2061 1635 2157 facilius

151 2180 332 2222 virtutes
344 2172 655 2238 magistrorum
669 2175 692 2220 a
705 2172 919 2238 discipulis
939 2188 1225 2240 exponuntur
1243 2211 1255 2231 ‚
1289 2193 1386 2242 quae
1396 2174 1633 2240 suggerun-

152 2256 224 2290 tur
235 2240 426 2288 crebrius
439 2239 768 2287 conversatione
789 2239 1042 2287 dicentium.
1110 2245 1282 2289 Divinis
1303 2241 1629 2290 charismatibus

153 2307 377 2371 inspiratus
387 2340 401 2359 ‚
420 2306 493 2354 scis
511 2305 659 2353 sancitis
670 2306 897 2354 bonorum
907 2305 1126 2355 mentibus
1138 2307 1387 2355 excolendis
1407 2323 1628 2376 quantum

153 2372 272 2440 gesta
282 2372 531 2421 sancffiorum
550 2373 743 2420 utilitatis
760 2378 1010 2439 impertiant
1028 2408 1042 2427 ‚
1079 2388 1300 2441 quantum
1310 2373 1495 2423 fervoris
1506 2381 1628 2422 attri-

155 2442 294 2488 buant
325 2475 339 2496 ‚
383 2455 600 2507 quantum
610 2445 804 2505 puritatis
820 2439 1056 2487 infundant
1088 2476 1101 2496 ,
1145 2439 1200 2487 de
1212 2459 1299 2507 qua
1309 2459 1354 2487 re
1363 2440 1627 2507 Apostolicae

155 2513 278 2556 vocis
297 2506 532 2554 audioritas
553 2506 677 2553 latius
698 2506 981 2563 innotescens,
1015 2506 1177 2559 forma,
1197 2511 1241 2552 in
1278 2513 1362 2563 uit,
1381 2507 1517 2555 estote
1526 2525 1625 2572 gre-

153 2581 200 2639 gi
219 2610 230 2629 ,
265 2576 312 2620 &
330 2573 480 2620 beatus
500 2572 657 2620 Paulus
677 2573 923 2621 Timotheo
951 2579 1153 2639 praecepit
1184 2606 1199 2625 ,
1245 2525 1393 2620 ἓοῐηια
1411 2573 1500 2621 esto
1521 2574 1626 2621 fide-

154 2641 265 2687 libus
281 2673 294 2692 ,
330 2639 446 2686 unde
463 2638 580 2687 idem
602 2639 839 2704 Apostolus
851 2639 1063 2701 justorum
1082 2639 1339 2703 catalogum
1360 2639 1626 2689 summabre-

153 2713 287 2755 vitate
298 2720 533 2754 contexens
565 2740 578 2758 ,
624 2705 1254 2772 abAbelincipiensinfignium
1273 2710 1624 2773 virorumpergit

151 2791 323 2821 narrare
334 2778 514 2820 virtutes
531 2787 546 2829 ς
564 2772 620 2820 fic
634 2776 679 2819 δε
696 2772 766 2820 ille
783 2772 1048 2821 fidelissimus
1068 2771 1346 2829 Mathathias,
1367 2779 1502 2821 morti
1523 2775 1623 2839 glo-

150 2839 381 2887 rioslsslmae
401 2846 484 2899 jam
502 2845 800 2906 propinquans
828 2876 841 2897 ,
875 2839 969 2886 filiis
981 2839 1061 2887 suis
1073 2838 1342 2886 haereditario
1352 2845 1444 2901 jure
1460 2839 1621 2888 sandio-

147 2925 247 2954 rum
259 2907 456 2970 exempla
474 2905 699 2962 distribuit,
711 2924 906 2974 quorum
922 2905 1226 2953 certaminibus
1244 2904 1502 2954 admirandis
1514 2907 1621 2955 cele-

149 2980 235 3021 rius
247 2977 445 3024 excitati,
470 2978 632 3019 animas
642 2972 733 3021 suas
746 2991 827 3038 pro
839 2972 1006 3038 legibus
1017 2972 1281 3037 sempiternis
1293 2971 1519 3020 sanslitatis
1532 2974 1618 3021 fer-

148 3059 254 3088 vore
283 3053 626 3085 contemnerent.
693 3044 788 3086 Nec
809 3054 986 3105 paterna
1011 3039 1167 3085 liberos
1187 3037 1342 3086 fefellit
1365 3039 1616 3093 instrudlim

146 3122 318 3155 tantum
335 3112 449 3153 enim
462 3105 723 3172 profuerunt
741 3110 992 3154 memoratis
1008 3104 1125 3152 fa6³ta
1135 3110 1309 3170 piorum
1326 3139 1340 3158 ‚
1387 3121 1437 3154 ut
1448 3112 1616 3219 apprtis-

1522 3191 1611 3220 ima
