2260 3454
539 190 879 225 DEDICATIO
912 193 1024 225 10H.
1059 194 1308 234 Momm-1.
1570 198 1663 241 773

555 293 1050 340 NOBJLJSSIMO
1097 296 1279 342 VIRO

342 377 816 464 MARCO
895 379 1510 469 VELSERO‚

179 505 264 575 R·
276 505 343 572 P·
364 505 998 580 AUGUSTANAE
1027 507 1506 577 SEPTEMVi
1522 511 1658 583 Ro

281 609 610 676 JOANNES
642 609 989 657 MORETUS
1023 610 1549 657 TYPOGRAPHUS

731 676 1090 722 ANTVERP.

798 781 835 827 S.
887 781 941 830 P.
989 783 1048 827 D.

177 871 416 983 HANC
435 871 756 921 TABULAM,
775 871 855 915 Vir
866 868 1141 916 Nobiliffime
1159 906 1171 928 ,
1191 888 1284 917 non
1296 875 1515 919 mittimus
1526 870 1578 918 ad
1593 886 1656 928 te,

287 935 353 982 sed
363 941 628 982 remittimus
662 969 676 988 ,
726 954 886 1003 aquam
898 935 1054 983 scilicet
1073 937 1095 982 ὲ
1109 951 1190 984 tuo
1203 937 1342 984 fonte.
1411 941 1485 985 Tu
1496 957 1591 985 eam
1602 939 1657 986 ad

175 1005 502 1051 ORTELIUM
515 1002 712 1050 nostrum
726 1001 993 1069 (heumuper
1005 1021 1106 1050 cum
1117 1003 1273 1051 dolore
1282 1005 1573 1052 litteratorum
1584 1005 1655 1052 de—

171 1068 415 1133 functum)
434 1068 688 1134 descriptam
709 1069 876 1116 miseras
897 1106 908 1125 ,
944 1073 1019 1116 tua
1030 1075 1132 1117 cura
1156 1076 1267 1118 inter
1286 1074 1656 1119 PEUTINGERI

173 1135 349 1183 schedas
361 1150 576 1200 repertam
587 1139 632 1182 &
643 1150 815 1184 erutam
826 1156 836 1183 :
849 1135 1036 1201 ideoque
1047 1143 1136 1196 jure
1146 1137 1199 1183 ad
1214 1151 1256 1184 te
1264 1138 1387 1190 redit.
1434 1139 1524 1203 Ipse
1535 1144 1581 1187 O
1593 1143 1654 1186 R-

172 1204 396 1256 TELIUS,
410 1203 526 1250 haud
537 1204 691 1268 procul
701 1206 725 1250 a
736 1203 832 1251 fato
843 1239 854 1258 ,
864 1207 922 1250 ita
934 1202 1043 1249 mihi
1056 1203 1338 1250 mandaverat
1354 1222 1366 1250 ε
1391 1208 1436 1251 8<
1448 1223 1547 1251 mea
1558 1206 1654 1252 sane

172 1270 379 1317 voluntas
399 1274 442 1316 &
459 1275 523 1316 tui
533 1270 673 1317 cultus
693 1269 850 1317 eodem
869 1268 1098 1317 ducebant.
1156 1275 1353 1336 Accipies
1364 1276 1498 1334 igitur
1510 1277 1653 1336 priva-

169 1351 262 1383 tam
274 1336 384 1383 olim
396 1351 517 1383 tuam
531 1369 543 1390 ,
556 1354 673 1383 nunc
682 1336 901 1403 publicam
916 1351 1041 1401 perte
1051 1342 1254 1383 omnium
1276 1341 1317 1384 T
1328 1341 1367 1384 A
1379 1340 1413 1384 B
1427 1343 1464 1385 U
1474 1342 1513 1385 L
1522 1343 1561 1384 A
1575 1342 1650 1385 M:

169 1406 214 1450 &
227 1402 256 1449 fi
267 1417 448 1467 gratum
459 1399 971 1469 carumcjuedefumSlum
984 1402 1179 1457 habuisti,
1193 1402 1407 1469 quaes0,ut
1416 1409 1549 1451 etiam
1561 1405 1652 1452 hoc

164 1468 438 1535 postremum
448 1469 502 1514 ab
514 1486 568 1514 eo
580 1486 757 1514 munus.
789 1471 877 1515 AN
882 1471 1157 1516 TVERPIAE
1177 1471 1200 1516 ὲ
1211 1471 1560 1536 Typographejo
1572 1488 1649 1518 no-

165 1534 267 1582 stro.
302 1537 439 1581 KAL.
461 1536 734 1586 DECEMB.
755 1552 802 1581 c1
814 1551 849 1581 3.
879 1552 942 1581 13.
971 1554 999 1582 x
1011 1553 1072 1583 cv
1085 1557 1096 1582 1
1109 1555 1161 1589 11,

219 1745 956 1816 DISSERTATIO
998 1747 1576 1820 ANONYMA·

603 1846 1123 1895 SPECTATORI
1172 1850 1211 1894 S.

164 1940 562 2050 TABULAM
588 1935 742 2016 damus
762 1970 773 1990 ,
791 1954 943 2015 extqua
968 1940 1263 2016 MARCLtS
1285 1941 1643 1988 VELSERUS

265 2002 529 2070 Augustanae
539 2007 661 2069 Reip.
675 2005 744 2049 VI
755 2006 784 2050 Ι.
802 2009 881 2049 Vir
900 2036 912 2056 ‚
947 2020 1159 2068 perpauca
1170 2005 1397 2073 olim‚quae
1407 2021 1504 2052 tum
1519 2025 1644 2054 com-

159 2069 368 2136 parebant
378 2069 537 2118 schidia
552 2106 564 2126 ,
594 2088 763 2135 magno
776 2088 933 2117 eorum
943 2071 1144 2137 applausu
1155 2071 1377 2137 vulgavit,
1401 2073 1559 2140 quibus
1577 2080 1643 2121 in-

162 2142 344 2184 teriores
359 2137 511 2185 litterae
532 2136 639 2184 serio
660 2137 794 2188 cordi.
865 2140 1084 2202 Integram
1106 2138 1324 2204 pollicitus
1345 2173 1356 2193 ,
1392 2139 1644 2207 siautogra-

159 2203 301 2271 phum
324 2204 560 2272 aliquando
584 2209 628 2251 in
650 2222 806 2251 manus
831 2204 1009 2251 veniss'et
1044 2224 1054 2251 :
1090 2205 1252 2252 latebat
1279 2213 1398 2253 enim
1421 2211 1463 2254 &
1480 2208 1642 2273 periisse
1695 2246 1699 2251 .

157 2286 249 2319 erat
266 2270 459 2338 suspicio,
514 2270 669 2319 Audiit
695 2275 727 2318 F
740 2274 1037 2319 ORTUNA
1076 2275 1431 2335 OBSEQIENS
1455 2309 1468 2327 ‚
1509 2274 1644 2321 Velse-
1688 2282 1689 2285 ’

156 2357 230 2385 rus
241 2343 337 2386 voti
348 2338 580 2386 damnatus
589 2337 660 2386 est.
729 2338 799 2385 Ad
811 2356 946 2405 quem
956 2344 1168 2386 nuncium
1189 2344 1229 2386 A
1241 2343 1274 2386 B
1287 2344 1327 2387 R
1339 2344 1379 2387 A
1390 2344 1439 2387 H
1448 2346 1486 2387 A
1500 2345 1548 2388 M
1562 2345 1599 2388 U
1610 2346 1638 2388 S

155 2409 202 2452 O
215 2409 256 2453 R
265 2409 307 2453 T
317 2408 355 2452 E
365 2410 403 2453 L
413 2409 430 2452 Ι
442 2410 480 2453 U
492 2409 518 2452 S
547 2405 693 2452 laetitia
702 2405 876 2452 exiliens
886 2439 898 2458 ,
919 2405 1041 2472 quod
1053 2423 1127 2470 per
1137 2425 1273 2453 annos
1282 2408 1468 2472 amplius
1478 2412 1636 2472 viginti

152 2471 362 2519 omnibus
375 2472 560 2538 vestigiis
571 2471 1055 2536 frustraindagaffet,fibi
1067 2472 1267 2520 editionis
1278 2480 1554 2539 provinciam
1566 2473 1634 2521 de-

153 2538 366 2604 poposcit.
411 2542 469 2586 Et
481 2541 587 2586 vero
596 2557 774 2606 aequum
787 2540 957 2586 bonum
971 2539 1110 2586 visum
1129 2573 1141 2593 ,
1160 2554 1284 2587 tanto
1295 2540 1525 2588 candidato
1537 2540 1632 2588 reli-

153 2623 269 2672 quos
329 2610 503 2654 etitores
534 2606 774 2654 concedere
794 2626 807 2662 3
829 2610 994 2671 primus
1014 2604 1054 2652 se
1074 2606 1290 2660 Welserus
1318 2606 1495 2656 facilem
1525 2626 1632 2673 prae-

151 2671 249 2719 buit
259 2705 272 2724 ,
291 2623 422 2719 gdem
435 2691 571 2740 quam
583 2672 760 2738 publico
773 2672 1056 2720 obstrinxerat
1079 2706 1091 2726 ,
1123 2673 1282 2720 curassc
1299 2678 1604 2739 interpretatus
1614 2708 1631 2728 ‚

149 2737 179 2784 fi
192 2756 268 2803 per
287 2743 613 2787 ORTELIUM
631 2739 828 2788 solveret.
848 2744 975 2794 Cum
987 2740 1130 2787 homo
1141 2740 1467 2805 septuagenario
1479 2747 1633 2802 major,

154 2810 224 2851 cui
235 2804 330 2869 plus
342 2811 476 2854 animi
488 2806 727 2873 plusquein
737 2825 830 2854 rem
843 2825 1131 2855 communem
1143 2806 1287 2860 studii,
1309 2808 1444 2873 quam
1456 2807 1628 2856 vitaesu-

151 2871 315 2936 perfuit
325 2906 337 2926 ,
352 2879 474 2938 operi
485 2873 538 2920 ad
548 2873 681 2920 finem
692 2873 935 2921 decurrenti
947 2879 1212 2920 immoritur.
1267 2877 1523 2921 Moriens---
1534 2893 1627 2923 non

148 2938 220 2986 ille
229 2937 392 2986 oblitus
402 2958 610 2987 amorum
621 2974 634 2992 ‚
661 2943 816 3008 Ioanni
837 2946 886 2989 M
891 2954 1019 2988 oreto
1038 2944 1186 2987 Veteri
1202 2946 1347 2987 amico
1368 2939 1627 2990 testamento

148 3003 288 3119 legaff
306 3012 386 3085 ‘qui
397 3002 663 3073 perficiendo
674 3042 686 3064 ,
706 3012 914 3074 pietatem
927 3024 1063 3074 quam
1073 3006 1270 3057 defuncti
1280 3006 1442 3070 judicio
1450 3007 1601 3056 debuit
1610 3045 1624 3067 ‚

145 3088 231 3136 prae
271 3086 350 3120 itit.

986 3184 1107 3253 fffs
1513 3189 1619 3241 Vei„

2239 3419 2252 3454 υ-..Ξ
2234 3235 2251 3410 ΑῇἉέὲ-εοκ
