2260 3454
468 2836 494 2866 8·

582 244 677 300 624
751 224 1046 285 JNVEitho
1075 239 1143 281 Er
1164 246 1547 282 TRANSLATJO
1569 247 1606 281 S.
1630 233 1935 291 HDALRJCJ,⁴

577 323 718 369 fenori
738 317 954 363 Udalrico.
1025 312 1186 361 Testati
1206 312 1301 359 sunt
1322 328 1469 361 autem
1496 315 1756 379 Augustanae
1787 319 1969 360 civitatis
1990 315 2047 362 se-

575 392 718 433 niores
737 380 1052 448 processionem
1076 379 1112 426 se
1135 378 1266 426 talem
1287 397 1514 447 nunquam
1534 379 1678 427 vidiffe
1691 380 1761 427 vel
1779 378 1932 426 auditu
1944 380 2049 428 didi-

575 449 670 499 cisse
691 486 703 506 ,
738 456 878 516 inqua
889 461 1005 494 tanta
1015 445 1115 492 cleri
1136 463 1185 492 ac
1199 444 1351 509 populi
1372 446 1612 494 multitudo
1631 451 1896 493 convenerit.
1961 449 2047 494 Ve-

577 535 675 566 rum
690 520 977 579 congregatio
992 513 1141 558 sanotae
1153 511 1269 558 Afrae
1280 511 1459 559 obviam
1470 513 1548 559 illis
1598 510 1767 559 roceffit
1778 529 1880 558 cum
1894 510 2047 559 decen-

578 590 610 632 ti
621 595 848 649 apparatu,
860 577 1061 646 pariterq3
1072 583 1232 624 intrant
1242 577 1460 625 ecclefiam
1472 613 1485 632 ,
1500 582 1544 625 δε
1573 596 1612 625 1c
1624 593 1718 626 tota
1730 578 1800 625 illa
1809 577 1897 625 dies
1908 583 1952 625 in
1963 583 2048 627 Dei

578 649 776 698 laudibus
786 644 1053 711 expenditur.

683 736 709 763 *
740 738 873 780 Anno
884 735 1129 778 Dominicae
1139 735 1444 777 incarnationis
1465 749 1494 776 M
1506 748 1529 777 c
1541 748 1568 776 x
1580 748 1605 776 L
1615 749 1643 777 v
1655 748 1686 779 1.
1704 729 1951 796 praefidente
1965 729 2048 778 Ab·

520 823 524 827 ·
578 803 676 849 bate
695 802 720 828 '⁴‘
741 798 990 846 Udalscalco
1004 797 1176 844 ecclefia
1186 797 1417 843 beatorum
1430 796 1614 844 Udalrici
1636 800 1680 842 δε
1693 796 1812 843 Afrae
1825 796 1973 844 multis
1984 796 2046 844 di-

520 870 558 921 “f
581 875 690 915 vinae
702 872 847 930 gratiae
858 862 1059 910 illustrata
1068 861 1125 911 est
1137 861 1352 909 beneficiis
1373 898 1385 919 ,
1430 880 1511 927 pro
1524 861 1679 928 quibus
1692 861 1941 909 testimonio
1952 881 2045 910 non

581 947 677 999 eget
691 929 1116 978 nostristiliofficium
1148 965 1161 986 ,
1206 928 1313 975 dum
1326 946 1415 975 non
1430 928 1570 974 solum
1581 928 1859 993 Augustensis
1870 933 2046 995 provin-

580 1008 652 1046 ciae
673 1034 685 1054 ,
719 996 786 1043 sed
800 1001 844 1043 δε
864 1001 999 1043 totius
1018 1000 1262 1043 Germaniae
1282 994 1927 1061 populi,quisupersunt,nostrae
1945 1010 2044 1043 aeta-

495 1067 509 1082 ⁰
528 1077 534 1083 '
579 1072 630 1113 tis
642 1066 804 1111 horum
815 1068 1105 1109 meminerint.
1162 1062 1320 1108 Deillis
1340 1064 1448 1126 ergo
1462 1078 1596 1125 pauca
1608 1060 1873 1109 narrabimus
1893 1097 1904 1118 ,
1938 1076 1987 1109 ut
1997 1079 2044 1108 o-

577 1149 698 1178 mnes
711 1135 1066 1196 noverint,quam
1079 1129 1191 1176 sacer
1202 1127 1252 1175 fit
1262 1127 1334 1175 iste
1347 1127 1530 1180 locus,in
1542 1145 1635 1196 quo
1645 1141 1771 1175 tantae
1783 1133 1963 1176 virtutes
1975 1146 2046 1177 ex·

573 1198 770 1247 uberant.

678 1300 793 1344 Inter
811 1309 999 1342 catervas
1020 1295 1255 1341 hominum
1273 1312 1326 1340 ex
1344 1292 1515 1341 diversis
1536 1291 1785 1358 regionibus
1806 1292 1859 1340 ad
1868 1309 2041 1340 memo-

573 1370 680 1411 riam
693 1361 1059 1426 venerandipatris
1070 1362 1252 1408 Udalrici
1272 1359 1587 1407 confluentium
1608 1396 1620 1416 ,
1652 1359 1802 1407 clauda
1813 1359 2040 1426 quaedam-2

574 1430 700 1477 affuit
710 1428 1080 1493 paupercula,quae
1101 1428 1223 1474 reeto
1244 1426 1398 1473 incestu
1412 1426 1582 1473 carebat
1614 1460 1625 1479 ,
1674 1430 1716 1472 δε
1730 1431 1804 1473 vix
1824 1426 1963 1472 baculi
1977 1426 2041 1472 su-

573 1494 812 1543 stentaculo
825 1501 903 1540 iter
914 1493 1061 1559 aliquo
1074 1494 1211 1540 modo
1223 1493 1434 1558 carpebat.
1500 1496 1608 1538 Haec
1620 1492 1708 1538 fere
1719 1499 1850 1539 totius
1860 1492 1941 1539 diei
1953 1492 2038 1556 spa-

572 1568 682 1609 tium
697 1561 763 1625 spe
776 1560 1071 1624 recuperandae
1093 1558 1232 1606 salutis
1253 1565 1371 1618 juxta
1391 1557 1675 1604 mausolaeum
1697 1558 2040 1606 B.Udalricisola

570 1611 857 1674 d²ecumbebat
891 1644 902 1671 ε
950 1625 1032 1671 sole
1042 1640 1189 1671 autem
1209 1631 1294 1685 jam
1315 1624 1369 1671 ad
1380 1624 1581 1670 occasum
1599 1639 1805 1688 vergente
1822 1661 1833 1681 ‚
1872 1643 1974 1671 cum
1987 1643 2038 1671 o-

570 1711 693 1740 mnes
706 1693 834 1738 limen
848 1691 996 1755 templi
1016 1706 1278 1754 cogerentur
1297 1689 1442 1754 egredi
1463 1723 1476 1741 ‚
1513 1690 1581 1735 illa
1593 1689 1955 1756 quasifrustranda
1965 1691 2035 1737 fo-

571 1762 886 1822 retpatrocinio
898 1760 942 1803 B.
960 1756 1143 1802 Udalrici
1154 1757 1433 1820 ingemiscens
1451 1789 1463 1807 ‚
1499 1755 1604 1821 quid
1622 1755 1781 1802 faceret
1793 1756 2033 1820 ignorabat.

571 1824 769 1871 Tandem
790 1823 929 1869 altiori
952 1822 1020 1868 usa
1041 1820 1219 1868 confilio
1239 1821 1443 1868 baculum
1460 1826 1605 1886 arripit
1617 1828 1768 1867 acriter
1802 1855 1815 1873 ‚
1861 1827 1905 1868 in
1918 1840 2034 1888 gyro

571 1889 769 1937 tumbam
782 1888 1031 1935 confessoris
1043 1887 1198 1936 Christi
1212 1901 1407 1953 peragrat
1427 1922 1438 1940 ‚
1475 1886 1592 1953 quafi
1605 1892 1710 1934 tanti
1722 1888 1967 1936 mercedem
1981 1889 2035 1937 la-

570 1957 686 2004 boris
707 1970 928 2019 exoptans.
998 1959 1148 2001 Vincit
1168 1957 1275 2019 ergo
1308 1953 1686 2001 clementiffimum
1716 1955 2032 2004 confessorem-2

569 2040 729 2087 magna
751 2020 851 2067 fides
871 2020 1135 2068 mulierculae
1150 2055 1164 2074 ‚
1201 2026 1453 2087 &protinus
1474 2019 1694 2067 sanitatem
1706 2027 2033 2087 integerrimam

570 2089 797 2137 consecuta
808 2087 877 2134 est.

676 2191 833 2235 Extitit
853 2187 1050 2255 quaedam
1071 2188 1224 2235 mulier
1243 2187 1296 2235 de
1313 2187 1546 2236 Dachofen
1566 2187 1698 2234 amali
1705 2206 1798 2253 gno
1816 2188 1961 2253 spiritu
1971 2193 2033 2236 ni-

568 2260 710 2302 mium
723 2254 898 2319 fatigata
907 2291 919 2310 ,
938 2273 1033 2321 quae
1045 2272 1148 2301 curn
1158 2260 1306 2301 vicinis
1315 2254 1367 2301 ad
1378 2254 1595 2301 ecclefiam
1604 2257 1651 2301 Β.
1661 2255 1847 2301 Udalrici
1858 2261 2032 2303 veniens

568 2335 662 2368 tota
680 2320 746 2367 die
764 2321 834 2368 illa
855 2339 986 2368 voces
1005 2319 1132 2367 dabat
1151 2326 1323 2386 ineptas.
1393 2324 1578 2371 Certum
1600 2325 1715 2367 enirn
1738 2320 1935 2379 habebat,
1953 2326 2032 2389 qui

570 2405 701 2434 voces
711 2387 909 2451 perillam
929 2387 1154 2434 emittebat
1174 2421 1186 2438 ‚
1222 2386 1341 2452 quod
1352 2405 1453 2434 cum
1467 2405 1632 2452 magno
1649 2401 1764 2434 torm
1772 2402 1875 2434 ento
1886 2387 1939 2434 ad
1949 2387 2031 2435 ob-

570 2452 666 2501 sessa
676 2453 974 2518 propellendus
985 2453 1112 2500 foret.
1190 2456 1434 2499 Maximum
1455 2472 1645 2519 namque
1664 2468 1937 2501 tormentum
1950 2454 2030 2520 spi-

571 2525 674 2567 ritus
685 2520 899 2567 immundi
920 2526 1141 2585 patiuntur
1160 2556 1172 2576 ,
1198 2536 1298 2565 cum
1312 2535 1386 2564 eos
1399 2518 1580 2566 deserere
1593 2536 2030 2588 coguntur,quorum

571 2592 801 2633 vexatione
812 2586 1052 2651 pascuntur.
1119 2589 1255 2650 Igitur
1264 2583 1446 2631 evoluto
1467 2603 1630 2652 magno
1649 2587 1731 2633 diei
1754 2587 1909 2652 spatio,
1930 2605 2030 2633 mu-

572 2653 644 2699 lier
655 2658 867 2719 arreptitia
878 2672 950 2719 per
962 2658 1114 2700 merita
1125 2656 1171 2699 B.
1184 2650 1365 2699 Udalrici
1377 2649 1572 2702 salvatur,
1586 2657 1628 2699 8<
1639 2668 1778 2718 grates
1789 2660 1825 2699 ei
1838 2654 2029 2701 referun-

573 2727 731 2786 tur‚qui
744 2720 856 2767 [anat
867 2725 1079 2767 contritos
1091 2717 1236 2770 corde,
1251 2721 1294 2763 δε
1306 2716 1450 2781 alligat
1462 2721 1738 2766 contritiones
1750 2738 1919 2773 eorum.

677 2822 780 2865 Erat
790 2820 967 2886 quidam
987 2817 1212 2884 languidus
1230 2822 1273 2863 in
1287 2822 1459 2864 civitate
1470 2817 1665 2883 Augusta
1677 2856 1686 2874 ‚
1697 2827 1770 2886 qui
1782 2840 1870 2870 non
1881 2828 2026 2889 potuit

576 2890 716 2931 venire
727 2885 776 2931 de
788 2884 1019 2938 domo‚nifi
1032 2898 1275 2951 portaretur
1286 2890 1327 2929 in
1338 2882 1584 2948 gestatorio,
1594 2884 1847 2934 infirmitatis
1859 2896 2030 2956 exigen-

579 2965 621 2996 te
633 2950 833 2997 molestia.
899 2956 985 2999 Hic
1002 2952 1054 2999 ad
1072 2949 1288 2998 ecclefiam
1309 2949 1421 2996 beati
1439 2950 1624 2998 Udalrici
1642 2950 1805 2999 delatus
1821 2986 1834 3005 ‚
1871 2955 2026 3002 antefe-

580 3015 812 3082 pulchrum
830 3017 953 3081 ipsius
971 3025 1011 3065 in
1024 3018 1210 3066 modum
1223 3021 1357 3064 crucis
1377 3053 1389 3072 ,
1424 3015 1497 3064 sub
1510 3017 1578 3082 spe
1589 3037 1684 3085 quae
1696 3037 1786 3066 non
1797 3017 2026 3070 confundit

579 3087 821 3146 exponitur.
885 3087 1057 3131 interim
1076 3084 1166 3150 ipso
1185 3098 1335 3131 orante
1350 3100 1430 3148 pro
1446 3085 1750 3141 incommodo,
1761 3104 1852 3152 quo
1870 3085 2029 3132 labora·

581 3147 674 3201 bat,
692 3145 802 3194 adest
814 3152 945 3196 virtus
955 3151 1097 3200 divina
1115 3188 1128 3210 ,
1163 3155 1207 3199 δε
1217 3150 1507 3198 obtinentibus
1519 3156 1679 3199 meritis
1692 3149 1912 3199 beatissimi
1923 3167 2028 3262 prae-

1949 3216 2027 3264 ulis
