2260 3454
338 1795 486 1845 ¹Cap.24.

548 179 642 230 616
1016 183 1162 220 VITA
1196 184 1234 217 s.
1272 168 1563 217 zz'DAmet

545 249 722 322 Qubus
735 257 815 303 rite
833 255 1013 321 expletis
1034 252 1230 300 consedit
1252 286 1266 305 ,
1313 267 1447 320 atque
1466 268 1616 298 coram
1635 248 1893 297 adstantibus
1904 252 2021 298 cleri»

542 334 601 374 cis
615 325 721 372 dixit
742 342 754 370 ε
781 326 925 383 Hujus
935 320 1273 368 celebrationem
1286 318 1418 365 officii
1441 335 1531 364 non
1541 333 1738 364 mearum
1750 321 1908 363 virium
1919 335 2021 381 pos-

540 389 822 447 fibilitate,sed
833 407 888 436 ex
899 389 1124 436 divinitate
1134 384 1375 452 praesumpsi
1390 382 1548 430 Christi
1559 396 1648 449 atq3
1659 380 1853 442 juffione.
1899 387 2020 431 Nam

539 459 674 506 hodie
683 475 787 505 cum
805 455 922 503 dulci
934 454 1197 522 quiescerem
1222 451 1378 497 somno
1395 486 1407 506 ,
1429 449 1683 497 adstiterunt
1692 466 1843 495 coram
1855 449 2020 496 lediulo

539 544 644 573 meo
654 531 829 586 juvenes
839 523 930 570 duo
940 520 1112 587 aspectu
1123 516 1521 583 form0fi‚quorum
1532 534 1645 562 unus
1655 515 1764 562 dixit
1774 515 2022 578 mihi:Q1a-

538 611 585 640 re
595 610 686 639 non
699 591 856 656 lurgis?
868 588 994 636 debes
1005 592 1121 633 enim
1132 583 1264 631 hodie
1274 581 1325 630 ad
1337 586 1375 630 S.
1388 583 1639 650 Johannem
1651 581 1822 630 Missam
1834 582 2021 630 celebra-

538 678 596 706 re.
632 662 718 705 Cui
730 658 836 704 alter
844 653 1060 720 respondit
1070 669 1083 697 .·
1093 649 1344 714 Qiomodo
1354 649 1492 715 potest
1503 649 1591 696 hoc
1604 648 1694 696 fieri
1706 649 1721 694 ?
1731 655 1831 716 quia
1842 666 1924 714 pro
1937 655 2021 696 im-

536 724 814 792 poffibilitate
825 727 985 769 virium
995 717 1136 765 adhuc
1149 720 1341 764 Primam
1352 734 1444 762 non
1454 716 1645 781 explevit
1661 715 1676 761 ἓ
1711 719 1841 762 Tunc
1851 716 1933 772 ille,
1945 722 2021 784 qui

539 798 657 858 prius
673 809 685 837 .·
705 791 975 853 Surge,ait,&
987 783 1221 831 secundum
1234 801 1387 829 meum
1397 782 1594 829 sermone
1603 786 1646 827 in
1659 781 1834 846 praefata
1845 782 2020 830 ecclefia

537 860 738 906 divinum
757 842 1011 918 mysterium
1029 849 1179 897 festina
1197 849 1377 914 implere
1407 868 1419 896 t
1451 855 1553 916 quia
1571 862 1723 912 praeter
1743 862 1785 894 te
1804 848 1946 895 nullus
1958 849 2017 896 ibi

533 923 726 972 cantabit
736 919 881 968 hodie.
936 921 1018 964 His
1030 916 1229 968 distis,ad
1243 915 1497 963 cubiculum
1508 914 1780 980 rediit,atque
1790 919 2017 963 imminen-

535 1006 627 1037 tem
639 992 884 1035 vocationis
902 984 982 1031 suae
992 983 1109 1030 diem
1121 983 1242 1030 laetus
1252 982 1517 1048 expefflaviss
1533 994 1665 1048 atque
1674 980 1780 1028 illud,
1793 981 2016 1029 Psalmistae

534 1056 678 1120 saepius
693 1052 889 1100 iterando
900 1051 1073 1098 dicebat
1091 1068 1101 1095 :
1125 1048 1322 1110 Quando
1336 1055 1507 1098 veniam
1527 1082 1541 1101 ‚
1563 1051 1608 1094 ὃς
1619 1048 1835 1114 apparebo
1847 1062 1945 1095 ante
1955 1048 2017 1095 fa-

531 1129 645 1169 ciem
659 1125 740 1169 Dei
755 1125 841 1165 mei
861 1119 875 1164 ?
892 1121 1072 1164 Interim
1084 1116 1192 1163 dum
1211 1115 1264 1163 ab
1276 1133 1333 1162 eo
1369 1151 1382 1173 ‚
1427 1121 1504 1183 qui
1515 1132 1665 1161 coram
1683 1114 1723 1161 se
1736 1114 1907 1161 lectoris
1918 1114 2017 1161 fun-

530 1188 714 1253 gebatur
727 1185 898 1241 officio,
917 1189 1211 1248 interrogatus
1229 1182 1392 1240 fuisset,
1412 1196 1669 1229 utrumnam
1691 1199 1775 1246 prae
1788 1180 2015 1229 infirmita-

532 1270 576 1301 te
594 1291 606 1310 ,
645 1271 733 1320 qua
755 1251 1027 1299 detinebatur
1045 1284 1056 1302 ‚
1093 1249 1131 1296 se
1149 1249 1202 1296 de
1221 1249 1309 1296 hoc
1330 1248 1474 1296 seculo
1493 1254 1787 1313 migraturum
1806 1247 2011 1313 speraret,

530 1319 773 1384 respondit:
792 1316 1036 1365 Certissime
1049 1316 1136 1363 scio
1157 1350 1169 1368 ‚
1203 1321 1304 1382 quia
1316 1314 1502 1362 brevide
1525 1314 1614 1362 hoc
1628 1313 1879 1361 transiturus
1891 1313 2013 1362 sum)

530 1387 717 1433 mundo.
738 1389 823 1431 Cui
835 1403 940 1431 cum
952 1401 1143 1429 moerens
1156 1383 1469 1450 diceret,quem
1481 1382 1801 1447 Episcoporum
1816 1381 1947 1429 vellet
1958 1380 2013 1429 ad

531 1470 689 1517 corpus
701 1451 824 1498 suum
838 1449 1128 1515 sepeliendum
1150 1467 1310 1496 vocare
1343 1482 1356 1502 ‚
1403 1451 1595 1495 maxime
1617 1466 1720 1494 cum
1732 1447 1875 1495 nullus
1889 1465 2015 1496 com-

531 1518 866 1585 provincialium
878 1514 1136 1562 remansisset
1146 1514 1388 1564 antistitum
1407 1549 1420 1567 ‚
1445 1521 1519 1582 qui
1531 1532 1623 1561 non
1634 1515 1733 1561 esset
1744 1519 1949 1562 invitatus
1960 1514 2016 1562 ad

532 1585 676 1649 regale
686 1591 728 1630 in
739 1588 916 1630 Francia
927 1581 1219 1648 colloquium,
1232 1587 1290 1628 ait
1303 1600 1314 1628 ε
1326 1580 1470 1628 Nostis
1482 1582 1639 1627 terram
1652 1596 1772 1627 terrae
1787 1598 2014 1628 commen..

529 1651 642 1697 dare.
689 1654 781 1696 Vos
791 1664 1085 1704 tantum‚cum
1099 1662 1271 1711 tempus
1281 1647 1425 1704 fuerit,
1439 1646 1562 1713 quod
1574 1647 1764 1694 vestrum
1776 1646 1846 1703 est,
1857 1647 2013 1694 facite:

529 1721 614 1764 Dei
625 1716 696 1771 est,
707 1720 793 1761 mei
806 1720 1000 1778 corporis
1013 1712 1423 1760 commendatorem
1436 1712 1676 1776 providere.

649 1785 798 1828 Paucis
814 1783 922 1827 vero
935 1779 1084 1826 diebus
1096 1777 1414 1844 interpofitis‚in
1426 1778 2014 1848 vigiliaApostolorum‚quae

530 1850 607 1898 illo
618 1866 734 1896 anno
743 1854 888 1895 evenit
899 1860 1053 1914 quarta
1065 1845 1170 1892 feria
1180 1882 1194 1902 ,
1214 1843 1445 1892 certiffime
1456 1845 1647 1910 sperabat
1666 1845 1704 1892 se
1716 1851 2013 1911 migraturum

528 1918 584 1965 de
595 1917 676 1963 hac
696 1921 797 1963 vita.
839 1913 979 1975 Qiod
998 1912 1100 1959 licet
1118 1917 1383 1959 nominatim
1405 1930 1495 1960 non
1518 1918 1780 1977 exprimeret
1813 1948 1825 1967 ,
1873 1913 2014 1962 verbis

527 1999 677 2032 tamen
691 1980 951 2050 quibusdam
963 1984 1144 2045 aperuit,
1158 1998 1207 2026 ac
1218 1978 1244 2025 fi
1248 1983 1345 2044 gnis
1355 1978 1627 2028 evidentibus
1639 1980 1884 2027 declaravit.
1901 1981 2012 2028 Sane

529 2051 558 2098 fi
562 2056 658 2116 gnis
672 2048 877 2095 omnibus
888 2046 938 2093 ad
949 2046 1168 2111 vesperam
1183 2050 1528 2114 circumquaque
1539 2045 1787 2094 sonantibus
1802 2083 1814 2103 ,
1824 2046 1908 2112 ipse
1919 2046 2009 2094 bal-

527 2131 680 2165 neatus
693 2120 736 2162 &
749 2114 866 2161 sacris
879 2113 1062 2160 vestibus
1072 2111 1124 2159 ad
1137 2113 1219 2159 hos
1230 2112 1326 2159 usus
1336 2117 1492 2178 paratis
1502 2112 1678 2160 indutus
1689 2149 1700 2169 ‚
1719 2112 1848 2160 humi
1859 2112 1898 2160 se
1908 2131 2008 2178 pro-

528 2183 675 2231 stravit
689 2219 699 2238 ,
718 2181 807 2228 acsi
820 2180 928 2228 hora
948 2178 1099 2226 eadem
1122 2186 1375 2226 moriturus.
1422 2183 1559 2226 Finita
1572 2181 1680 2244 ergo
1691 2179 1836 2244 synaxi
1846 2179 2009 2245 vesper.

528 2256 619 2297 tina
629 2283 642 2302 ‚
665 2267 767 2296 cum
781 2247 966 2294 aliorum
977 2246 1197 2305 adjutorio
1218 2246 1257 2293 se
1267 2246 1430 2293 levavit
1443 2282 1455 2303 ‚
1478 2249 1525 2293 Sc
1536 2245 1653 2313 quafi
1665 2245 2009 2312 quodammodo

527 2331 678 2363 mente
690 2312 1109 2368 consternatus,dixit
1122 2332 1132 2360 t
1144 2318 1190 2361 O
1204 2312 1344 2360 sand'te
1356 2315 1611 2368 Petre,nunc
1621 2330 1712 2359 non
1724 2311 1883 2369 fecisti,
1897 2311 2007 2360 ficut

529 2400 617 2448 ego
628 2381 843 2429 aestimavi.
911 2384 958 2426 O
968 2379 1145 2427 beatum
1157 2386 1304 2426 virum
1316 2384 1440 2426 omni
1458 2378 1584 2426 laude
1602 2378 1981 2445 prosequendum
1991 2415 2006 2436 ,

527 2455 648 2509 cujus
659 2448 829 2514 spiritus
844 2446 1022 2514 quidem
1036 2461 1125 2493 erat
1147 2460 1378 2512 promptus
1411 2479 1426 2498 ,
1473 2445 1573 2492 licet
1590 2464 1692 2493 caro
1709 2444 1882 2493 infirma
1902 2462 1913 2490 :
1933 2452 2006 2494 cui

529 2522 677 2563 vivere
690 2514 883 2562 Christus
893 2513 977 2561 fuit
986 2547 1000 2566 ‚
1024 2517 1069 2561 ὃς
1081 2519 1195 2561 mori
1208 2513 1393 2560 lucrum.
1461 2512 1587 2559 Unde
1597 2513 1825 2578 tantopere
1844 2530 2004 2577 corpo-

527 2601 606 2629 reae
617 2581 938 2629 inhabitationis
950 2580 1119 2628 molem
1136 2580 1257 2627 velut
1268 2596 1482 2626 carcerem
1501 2578 1723 2646 quendam
1741 2579 2003 2632 abhorrens,

532 2650 732 2713 cupiebat
749 2647 918 2694 dissolvi
937 2651 981 2693 ὃς
1003 2647 1083 2693 ess'e
1104 2665 1208 2694 cum
1227 2644 1414 2692 Christo.
1488 2648 1652 2693 Iterum
1672 2645 1820 2711 spiritu
1839 2663 2003 2693 recrea-

533 2728 603 2760 tus
626 2749 637 2766 ‚
679 2734 753 2779 per
767 2720 1001 2762 continuos
1012 2719 1118 2780 quin
1154 2731 1208 2759 ue
1219 2711 1306 2758 dies
1315 2712 1469 2759 manfit
1481 2717 1654 2779 quietus
1672 2746 1686 2765 ,
1721 2726 1870 2777 petens
1887 2712 2001 2759 abo-

532 2781 705 2826 mnibus
725 2780 1038 2846 indulgentiam
1052 2817 1064 2836 ,
1082 2732 1498 2826 &qbenedicstionem
1515 2777 1728 2835 tribuens,
1750 2778 1891 2826 donec
1907 2778 2000 2826 fini-

534 2860 579 2891 ta
590 2853 744 2906 quintae
755 2849 835 2894 diei
848 2847 971 2902 feria,
991 2865 1040 2893 ac
1050 2845 1222 2911 vespere
1234 2844 1470 2892 lucescente
1491 2849 1535 2892 in
1546 2845 1708 2892 sextam
1719 2845 1878 2893 sabbati
1888 2879 1902 2899 ,
1926 2863 2001 2893 au-

534 2929 633 2957 rora
648 2918 726 2958 iam
740 2913 820 2960 diei
840 2913 1113 2960 latitudinem
1133 2927 1253 2959 terrae
1270 2912 1540 2959 illuminante
1574 2947 1589 2970 ,
1635 2912 1795 2960 clericis
1814 2916 2000 2959 canenti-

534 2978 615 3024 bus
627 2982 670 3022 ὃ(
682 2978 760 3023 flen
767 2980 890 3035 tibus,
903 2986 945 3027 in
957 2999 1111 3027 manus
1122 2984 1305 3027 Domini
1326 2977 1520 3044 spiritum
1533 2978 1659 3026 suum
1668 2977 2000 3030 commendans,

537 3061 654 3089 anno
673 3049 969 3093 incarnationis
986 3052 1171 3095 Domini
1191 3045 1323 3093 nostri
1347 3049 1399 3110 ῙΕ
1410 3064 1428 3092 s
1439 3065 1468 3092 u
1486 3045 1644 3093 Christi
1662 3043 1998 3112 nongentesimo

536 3109 851 3175 septuagesimo
863 3119 991 3163 tertio
1000 3151 1012 3174 ‚
1026 3119 1160 3164 aetatis
1177 3113 1259 3163 suae
1269 3112 1548 3179 ocstogefimo
1559 3117 1704 3169 tertio,
1716 3111 1996 3189 ordinationis

1064 3194 1071 3199 ’
1889 3193 1996 3227 vero
