2260 3454
694 44 1171 200 &noctu
1655 196 1819 209 ,-

141 212 264 262 visset
273 245 285 267 ‚
299 225 391 257 non
401 211 571 274 quievit
582 212 700 272 prius
714 242 727 263 ,
752 210 892 275 quam
903 223 1055 257 totum
1072 219 1266 258 &mamam
1275 224 1403 262 κεφαλῆς
1421 211 1678 263 devorasset.
1745 218 1816 263 Ex

141 298 236 344 quo
245 290 367 344 potes
379 272 619 338 intelligere
629 306 644 326 ,
666 274 792 339 quod
803 273 853 322 fit
866 273 995 340 ipfius
1014 274 1069 323 de
1079 278 1127 322 iis
1137 311 1150 331 ,
1167 292 1265 341 quae
1280 275 1305 322 a
1322 288 1365 322 te
1375 278 1710 341 proficiscuntur
1721 314 1734 335 ‚
1749 288 1816 343 ju-

142 348 319 397 dicium.
363 340 482 388 Idem
491 339 666 389 omnino
664 338 783 405 fecit
793 341 1137 408 Lingelshemius
1158 375 1172 394 ‚
1209 358 1288 390 ceu
1296 339 1377 407 ipse
1373 341 1556 410 fatetur
1572 347 1619 394 in
1620 345 1700 412 fita
1719 381 1733 401 ,
1762 347 1820 397 ad
1838 354 1974 396 Epist-5&

139 405 420 477 Bongarfium
437 425 451 455 .·
470 410 607 456 Boica
614 407 775 455 Velseri
785 407 995 457 devoravi
1016 445 1029 466 ,
1056 408 1164 456 nihil
1175 415 1261 468 jam
1273 407 1350 457 diu
1361 410 1441 465 est,
1459 416 1520 460 ita
1533 430 1607 460 me
1617 419 1760 480 rapuit
1770 420 1817 464 in

138 479 491 529 admirationem.
523 478 693 523 Mirum
706 475 839 531 mihi,
859 476 986 542 quod
996 481 1124 523 toties
1144 478 1189 523 P.
1201 477 1432 526 AEmilium
1443 478 1639 528 vestrum
1659 496 1789 529 notet
1802 517 1817 538 ,

172 550 216 593 ui
230 558 379 591 tamen
393 555 621 590 accuratus
632 542 762 590 valde
777 546 993 609 Scriptor3
1008 541 1076 591 sed
1089 542 1204 591 istius
1214 542 1408 593 hominis
1418 545 1489 594 dili
1493 553 1692 612 gentiam
1705 547 1818 596 nihil

135 565 262 678 lingit.
293 610 466 658 Summa
476 645 488 664 ,
508 620 561 657 ut
569 620 751 657 autumo
768 643 781 662 ,
811 625 961 658 eorum
972 609 1203 657 voluntate
1207 608 1368 675 salium
1379 610 1457 678 est,
1478 625 1531 662 ut
1539 630 1674 663 unum
1685 627 1817 681 atque

137 679 248 730 idem
242 673 434 743 ſsentiret
454 675 561 742 jac.
579 672 845 744 Bongarsiuss
873 694 887 724 :
918 680 1051 724 Boica
1064 692 1138 725 tua
1148 677 1232 744 legi
1245 695 1350 725 cum
1363 679 1651 730 admiratione
1663 686 1707 729 δε
1723 682 1816 731 dili.
1836 681 1975 759 ssfjsfffj

134 750 294 812 gentiae
308 747 353 791 ὃ(
366 742 612 809 elegantiae,
635 761 726 809 qua
736 758 903 792 veteres
915 746 1031 791 certe
1042 762 1188 810 aequas
1199 780 1210 800 ,
1222 760 1389 794 veteres
1401 752 1586 815 inquam
1596 763 1713 797 notae
1724 767 1817 797 me-
1841 773 1851 791 ¹
1860 747 1930 792 601.ss
1960 734 1991 754 ⁸⁰

134 815 253 862 lioris
286 830 299 858 :
332 813 489 876 Itaque
500 814 546 858 δε
558 809 685 877 quod
705 830 779 859 me
800 811 1007 877 exemplo
1023 817 1234 878 privatim
1257 810 1494 862 donaveris
1511 849 1524 871 ,
1558 816 1712 864 exulto
1729 835 1743 871 3
1766 821 1815 864 δε

136 877 261 948 quod
270 890 363 925 tam
370 892 628 929 accuratum
639 896 752 944 opus
762 879 992 945 publicum
1004 879 1160 926 feceris
1179 913 1192 934 ,
1220 878 1323 927 huic
1335 879 1480 929 seculo
1498 883 1650 931 nostro
1664 899 1817 949 gratu-

136 948 215 996 lor.
283 943 470 993 Exultat
476 944 957 1002 animuaanaximorum
970 946 1183 994 Virorum
1193 943 1432 1011 testimonia
1434 961 1710 1012 percurrens,
1722 967 1816 1017 quae

131 1009 448 1082 silentiistpario
459 1011 728 1060 involvenda
739 1012 857 1062 baud
871 1009 1068 1079 existimo
1096 1030 1112 1067 ;
1136 1009 1220 1077 fi'd
1227 1030 1281 1061 ne
1290 1015 1364 1061 diu
1373 1015 1418 1061 iu
1429 1032 1579 1064 eorum
1591 1034 1815 1067 enumera-

135 1082 252 1130 tione
262 1074 568 1144 verstffrflaeerba
576 1075 660 1143 ipfiz
670 1078 823 1133 citabo,
832 1076 1227 1143 praetextissemper
1236 1080 1492 1130 nominibus.
1542 1085 1642 1131 La’l.
1654 1085 1816 1148 Biscio-
1836 1090 2014 1158 {02'1-11-,24020

136 1147 177 1196 la
194 1164 208 1194 .·
224 1149 337 1193 Haec
350 1146 426 1194 tibi
436 1164 594 1213 parurn
603 1145 888 1203 videbuntur,
899 1150 1060 1194 Amice
1073 1147 1255 1204 Le<9tor,
1267 1148 1436 1196 erudita
1450 1153 1494 1196 ὃς
1512 1150 1657 1207 solida,
1670 1150 1813 1200 ficum
1836 1130 1992 1209 ulfalss.)

132 1219 182 1263 iis
191 1212 429 1261 contuleris
446 1248 458 1268 ,
484 1231 582 1280 quae
593 1212 669 1259 diu
679 1212 775 1276 post
784 1212 938 1278 scripta
947 1214 1032 1279 legi
1042 1220 1131 1275 ejus
1144 1213 1349 1262 Historiae
1362 1220 1490 1264 initio
1502 1254 1514 1274 ,
1534 1235 1673 1284 quam
1686 1218 1741 1265 de
1752 1238 1815 1267 re-
1836 1218 1970 1249 namn.

133 1281 215 1335 bus
227 1283 370 1327 Boicis
380 1278 619 1345 prudenter
632 1314 644 1334 ‚
666 1279 800 1327 doele
816 1284 860 1327 &
874 1281 1097 1346 eleganter
1109 1279 1289 1328 summo
1304 1282 1469 1341 judicio
1481 1288 1572 1341 Vir,
1583 1300 1719 1353 atque
1732 1287 1816 1334 do-

133 1347 288 1400 (strum,
299 1364 402 1394 curn
418 1351 508 1412 pari
519 1345 768 1394 Nobilitate
779 1349 1017 1409 conjundta
1034 1385 1047 1405 ,
1068 1352 1247 1396 Marcus
1257 1349 1459 1398 Vellerus
1474 1351 1687 1408 condidit,
1700 1357 1746 1400 ὃς
1759 1352 1816 1402 ad

132 1432 208 1463 me
219 1430 273 1460 ex
286 1416 523 1461 Germania
531 1412 825 1462 liberalissime
837 1413 961 1463 dono
971 1414 1342 1469 mifit‚hominem
1355 1417 1433 1464 fibi
1447 1419 1574 1483 plane
1586 1425 1814 1486 ignotum.

134 1484 262 1530 Haut
271 1480 412 1536 aliter,
422 1480 468 1529 in
476 1483 533 1530 V
526 1481 598 1528 itia
609 1482 927 1530 Germanorum
937 1483 1224 1531 Politicorum
1234 1484 1463 1533 Alelchior
1472 1486 1692 1535 Adamus‘:
1722 1491 1815 1535 An-

134 1548 252 1596 nales
263 1551 421 1596 Boicos
435 1546 595 1613 scripfit
606 1563 725 1596 tanta
739 1549 1057 1616 perspicuitate,
1069 1565 1193 1598 tanta
1204 1551 1262 1599 fid
1267 1569 1291 1598 e
1305 1586 1316 1607 ,
1331 1566 1454 1600 tanta
1466 1553 1711 1619 prudentia,
1722 1568 1816 1602 tan-

136 1629 186 1663 to
197 1620 340 1662 nitore
352 1633 365 1670 3
388 1629 439 1662 ut
451 1615 685 1663 meditanti
697 1616 930 1665 videantur
949 1616 1146 1665 adstitisse
1159 1618 1264 1666 hinc
1285 1619 1421 1666 Musae
1434 1624 1480 1668 ὅ(
1493 1624 1657 1669 Gratiae
1675 1639 1688 1668 ε
1710 1623 1815 1669 hinc

136 1681 319 1736 Consus,
333 1682 518 1747 Apollo,
530 1684 685 1736 Suada,
697 1687 860 1731 Venus.
894 1687 1085 1733 Necnon
1096 1685 1199 1735 Nic.
1210 1688 1405 1735 Serariua
1419 1725 1430 1743 ,
1454 1688 1500 1735 in
1509 1690 1815 1755 A1oguntiaci8
1836 1699 1946 1731 zib-1¹1·
1956 1706 2017 1744 Nu

136 1747 283 1808 Qbua
304 1767 317 1796 .·
340 1752 449 1796 Haec
460 1747 746 1816 Augustanus
766 1750 836 1798 ille
855 1787 868 1808 ,
899 1755 1150 1821 Boicusque
1172 1756 1263 1800 TA
1277 1757 1316 1801 C
1327 1757 1396 1802 IT
1409 1757 1447 1800 U
1460 1758 1500 1802 S.
1534 1756 1674 1804 Haud
1688 1757 1817 1805 aliter
1836 1749 1941 1778 “²³⁸²

134 1815 270 1865 Andr.
281 1818 541 1865 Brunnerus
551 1818 597 1865 in
618 1817 860 1866 Annalibus
879 1820 1023 1868 Boicia
1050 1838 1064 1867 .-
1100 1825 1255 1885 Atque
1275 1820 1492 1870 haetenus
1510 1826 1555 1871 N
1558 1823 1816 1872 obiliffimus
1837 1833 2015 1868 Part-¹11&-

134 1882 342 1950 ideque
352 1883 627 1933 docf'tisfimus
642 1890 740 1941 Vir,
762 1889 939 1934 Marcus
954 1886 1154 1935 Velserus
1173 1923 1185 1943 ,
1212 1892 1336 1953 Reip.
1350 1888 1619 1955 Augustanae
1641 1895 1820 1939 Duum-
1838 1871 2017 1949 slssfg'm'

133 1956 214 2005 vir,
228 1953 444 2012 Bojorum
456 1970 520 2000 res
534 1952 756 2000 narrando
764 1953 971 2018 perduxit
983 1973 995 2008 3
1011 1972 1126 2020 quos
1141 1972 1229 2021 ego
1243 1956 1403 2003 eodem
1412 1962 1508 2016 jure
1517 1957 1662 2005 felices
1673 1959 1822 2023 appel-

135 2017 222 2067 lem
235 2055 248 2075 ‚
260 2018 426 2065 necesse
437 2019 518 2075 est,
548 2037 644 2084 quo
659 2019 881 2068 Achillem
894 2021 1140 2069 Alexander
1155 2041 1169 2076 3
1201 2022 1328 2088 quod
1341 2028 1386 2072 &
1399 2023 1475 2090 ipsi
1489 2025 1625 2072 talem
1636 2025 1822 2074 laudum

134 2083 308 2134 [harum
322 2090 442 2133 nadti
453 2084 550 2134 sunt
565 2105 824 2153 praeconem
837 2122 850 2141 ‚
883 2087 1186 2154 dignissimum
1197 2091 1331 2142 certe,
1345 2097 1421 2158 qui
1442 2095 1506 2139 LI
1517 2097 1557 2140 V
1570 2096 1587 2140 Ι
1601 2098 1648 2142 Ο
1661 2126 1674 2146 ,
1695 2108 1822 2142 vete·

136 2155 466 2214 rumBojorum
476 2172 541 2201 res
555 2158 772 2202 Romanae
788 2154 973 2202 historiae
983 2154 1184 2203 inserenti
1194 2192 1206 2212 ‚
1220 2156 1428 2206 successor
1437 2158 1616 2208 daretur
1635 2179 1649 2214 3
1673 2161 1822 2227 eoque

136 2225 282 2278 minus
291 2220 473 2274 moleste
486 2221 709 2274 fero,eum
731 2220 859 2270 seculi
871 2222 1005 2270 nostri
1027 2225 1317 2272 TACITUM
1338 2226 1363 2271 a
1380 2226 1647 2294 quibusdam
1665 2228 1823 2295 indigi-

137 2291 218 2337 tari
251 2304 264 2334 ε
296 2286 387 2335 Etsi
400 2292 519 2337 enim
528 2306 586 2336 eo
598 2295 782 2337 nomine
792 2307 886 2337 non
903 2288 1166 2356 ampliffime
1185 2291 1416 2341 laudatum
1431 2293 1640 2359 intelligo
1660 2331 1672 2351 ,
1707 2298 1824 2356 Bojis

139 2368 288 2408 tamen
297 2354 545 2420 gloriosum
557 2361 659 2414 erit,
673 2356 756 2404 suae
767 2375 953 2425 quoque
972 2363 1097 2424 genti
1114 2362 1333 2408 LIVIUM
1355 2364 1401 2407 ὃς
1420 2364 1708 2409 TACITUM
1729 2361 1824 2410 lau-

135 2419 533 2489 datoresobtigiffe.
592 2428 655 2471 At
667 2429 786 2472 enim
795 2430 900 2493 quia
916 2424 974 2471 illi
985 2427 1164 2491 egregie
1180 2432 1320 2493 coepti
1337 2427 1485 2474 cursus
1509 2442 1680 2476 metam
1700 2445 1824 2477 mors

134 2488 304 2543 invidit,
317 2507 398 2538 nos
411 2523 424 2544 ,
436 2509 532 2558 quo
546 2491 775 2558 possumus
788 2491 898 2557 pede
907 2527 919 2545 ,
939 2492 1300 2540 certiffimoduce
1312 2493 1527 2552 destituti,
1548 2501 1669 2556 cujus
1681 2500 1824 2544 Mani-

135 2556 218 2605 bus
228 2555 340 2604 bene
349 2575 595 2622 precamur,
607 2563 686 2606 iter
696 2558 849 2625 proseq
855 2577 1027 2607 uemur.
1062 2559 1173 2608 Boh.
1185 2559 1397 2613 Balbinus
1407 2596 1419 2617 ‚
1437 2562 1530 2611 Vir
1544 2559 1742 2627 instudiie
1752 2564 1826 2612 do-

135 2623 272 2672 strinae
283 2624 412 2673 multi
420 2637 550 2690 atque
561 2624 764 2674 celebrati
772 2627 954 2675 nominis
965 2662 978 2680 ,
1001 2626 1058 2677 Εἴ
1067 2628 1248 2676 Amicus·
1257 2626 1396 2694 noster
1405 2630 1484 2677 vel
1489 2629 1616 2678 Laelio
1635 2631 1819 2685 comior,

128 2690 396 2758 jucundiora}
414 2692 557 2758 (quid
563 2694 677 2740 enim
688 2690 823 2759 obstat
839 2728 852 2749 ‚
900 2695 1137 2759 quominus
1146 2695 1276 2761 dzgno
1294 2697 1502 2761 optimum
1511 2698 1676 2746 Virum
1686 2699 1824 2763 elogio

130 2754 360 2823 prosequar
379 2793 392 2814 ,
423 2760 552 2825 quiin
563 2761 969 2826 varilaftriptisficia
979 2777 1126 2810 omnes
1146 2761 1278 2811 bonos
1285 2766 1426 2829 juxta
1442 2780 1491 2811 ac
1501 2764 1700 2829 eruditor
1703 2763 1823 2831 justis

139 2825 344 2891 dignatur
348 2828 567 2891 praeconiis
587 2831 608 2874 ?
616 2827 655 2893 )
668 2825 955 2895 plmstmplici
963 2829 1078 2884 vice,
1091 2829 1148 2880 65
1158 2830 1329 2896 quidem
1332 2830 1461 2895 plena
1472 2847 1604 2880 manu
1613 2830 1825 2899 Hzflorici

138 2889 268 2958 nostri
280 2892 426 2942 laudes
435 2894 481 2943 in
490 2891 599 2960 astra
607 2891 944 2962 ficstolleremulla
940 2893 1154 2962 satietate
1161 2894 1433 2964 defhttsgatur
1467 2917 1479 2946 ε
1513 2897 1735 2952 Potestne,
1757 2899 1823 2948 in-
1844 2924 1986 2961 symgm,

141 2960 235 3025 quit
254 2993 267 3013 ,
298 2960 365 3008 his
376 2976 467 3009 tam
476 2960 653 3010 vetustis
663 2965 910 3028 originibus
926 2964 979 3012 ad
990 2965 1182 3030 gloriam
1205 2963 1410 3013 illustrius
1431 2965 1661 3033 quidpiam
1673 2967 1824 3028 adjici?
1845 2964 1990 3033 {ssssjgjh

143 3024 286 3091 potest
306 3047 320 3083 3
345 3032 391 3075 δε
404 3036 578 3095 magnis
589 3030 775 3098 quidem
793 3031 1054 3079 authoribus
1082 3038 1252 3080 nixum.
1287 3031 1539 3082 Observant
1559 3039 1727 3100 egregii
1747 3038 1780 3081 F
1783 3051 1825 3080 a-
1846 3043 1972 3083 “nst-foc.
1988 3044 2020 3074 ἄη

145 3093 364 3146 miliarum
376 3100 421 3145 δε
433 3101 897 3167 antiquitatisssoicae&
907 3098 1160 3149 Bohemicae
1170 3098 1582 3169 indagatores3quos
1593 3106 1704 3150 inter
1715 3099 1825 3148 cho..

1720 3184 1824 3218 rum
