2260 3454
340 2336 416 2383 Cap.
430 2345 489 2371 η.

534 210 630 269 614
986 208 1132 265 VITA
1166 210 1204 244 s.
1241 205 1534 243 UDALRJCI

534 308 626 339 non
645 285 825 332 cessavit.
869 284 1022 345 Qem
1038 276 1260 345 equitandi
1280 274 1407 322 usum
1437 307 1449 326 ‚
1496 279 1626 320 etiam
1644 273 1752 320 dum
1779 271 1921 319 adhuc
1942 261 1998 319 la-

534 373 613 403 nus
625 351 736 402 esset,
749 347 954 403 habebat,
966 360 1017 393 ut
1027 360 1296 412 quocunque
1306 341 1379 388 fibi
1390 339 1584 387 eundum
1593 339 1733 387 fuisset
1742 374 1754 394 ,
1766 337 1863 385 sella
1873 338 1997 402 super

532 417 790 488 quadrigam
801 413 938 481 pofita
948 411 1061 459 solus
1072 409 1245 460 sederet,
1251 413 1414 454 comite
1424 425 1515 453 uno
1526 420 1697 453 tantum
1709 405 1879 461 clerico,
1892 421 1997 452 cum

529 504 625 554 quo
634 520 647 541 ,
667 485 828 547 absque
845 477 1161 545 impedimento
1180 474 1366 520 aliorum
1386 509 1399 530 ‚
1433 472 1568 538 poffet
1583 472 1751 519 liberius
1761 487 1913 518 vacare
1922 469 1998 516 de-

530 554 766 600 cantationi
793 546 1073 613 psalmorum.
1118 546 1150 588 F
1152 538 1352 586 estinabat
1373 553 1520 585 autern
1543 552 1819 606 quantocyus
1838 539 1996 601 Augu-

527 619 598 667 stae
606 620 789 665 civitatis
799 615 962 659 moenia
972 607 1152 672 ingredi,
1163 620 1213 652 ut
1222 603 1404 657 ibi‚ficut
1417 604 1557 651 bonus
1567 609 1852 652 mercenarius
1865 639 1877 660 ,
1890 621 1995 668 prae-

529 685 754 733 stolaretur
766 679 899 726 finem
909 681 1049 740 operis
1060 673 1133 723 sui.
1160 673 1269 733 Qo
1280 687 1382 717 cum
1393 671 1658 736 pervenisset,
1693 669 1871 718 uamdiu
1881 675 1992 716 vires

530 749 794 799 sufficiebant
806 781 817 801 ,
838 749 948 789 inter
957 737 1210 806 quotidiana
1219 735 1441 784 Miffarum
1452 736 1639 783 solennia
1649 690 1898 792 :salutarem
1908 735 1991 782 ho-

532 816 654 865 stiam
664 816 864 861 Domino
873 811 1058 854 exterius
1077 803 1337 850 immolabat
1367 836 1380 854 ,
1425 821 1475 849 ac
1483 801 1661 867 seipsum
1679 807 1854 848 interius
1864 803 1990 848 visti-

529 899 651 929 mam
664 885 706 926 in
717 895 786 924 ara
804 872 943 921 cordis
963 869 1194 917 macerabat.
1239 867 1311 915 Ad
1321 868 1513 915 mensam
1525 886 1630 914 cum
1642 868 1730 914 aliis
1744 866 1900 924 sedens,
1911 868 1991 913 illis

530 941 889 995 manducantibus
900 942 942 985 δε
956 934 1198 983 bibentibus
1207 971 1219 992 ,
1241 934 1325 1000 ipse
1335 934 1444 980 bene
1455 933 1658 980 manebat
1665 939 1842 995 jejunus.
1887 936 1992 980 Erat

526 1020 566 1060 ei
580 1011 696 1058 cibus
705 1022 780 1055 aut
791 1005 925 1053 dulcis
937 1001 1204 1069 psalmorum
1215 1000 1486 1052 suavitas‚aut
1498 999 1709 1047 sacrarum
1722 999 1991 1047 lediionurrn
2014 1055 2018 1059 Ι

528 1076 740 1126 affiduitas
770 1092 781 1120 :
811 1077 921 1118 inter
973 1087 1047 1116 uas
1066 1068 1257 1115 maxime
1275 1065 1566 1114 delcetabatur
1592 1065 1738 1113 audire
1763 1084 1817 1112 ex
1833 1080 1993 1133 quarto

529 1144 640 1191 libro
652 1088 1085 1204 Dialogorumqsanffi
1098 1138 1300 1199 Gregorii
1315 1165 1329 1186 ‚
1361 1130 1545 1200 qualiter
1562 1133 1724 1179 multi&
1737 1131 1990 1198 corporibus

528 1213 738 1274 exempti,
749 1212 793 1252 in
804 1205 948 1270 spiritu
957 1200 1238 1267 rapiebantur,
1249 1218 1298 1246 ac
1308 1205 1466 1246 iterum
1476 1197 1810 1247 revertebantur.
1877 1201 1992 1245 Inter

529 1277 624 1324 haec
634 1277 833 1341 praecepit
844 1270 1014 1317 (uarum
1024 1273 1120 1314 reru
1129 1265 1482 1333 procuratoribus
1491 1302 1503 1323 ,
1522 1280 1572 1312 ut
1581 1271 1624 1312 in
1633 1265 1838 1312 omnibus
1846 1270 1991 1312 omni-

531 1345 592 1390 no
605 1341 708 1387 locis
721 1375 733 1396 ,
752 1337 804 1385 ad
813 1337 936 1383 suum
948 1341 1011 1396 jus
1021 1334 1194 1399 proprie
1205 1332 1512 1398 pertinentibus
1524 1369 1537 1389 ,
1557 1349 1788 1400 quaecunq;
1800 1335 1992 1380 invenire·

531 1407 712 1474 pollent,
726 1409 768 1451 in
780 1418 861 1451 tres
870 1407 1088 1468 portiones
1100 1402 1419 1465 partirentur&
1431 1415 1563 1446 unam
1576 1416 1629 1445 ex
1641 1397 1706 1445 his
1715 1431 1728 1451 2
1748 1397 1839 1463 ipso
1847 1396 1991 1445 adhuc

530 1480 709 1523 vivente
729 1508 740 1528 ,
774 1469 1027 1535 presbyteris
1047 1470 1092 1512 &
1141 1464 1365 1530 auperibus
1375 1464 1644 1529 largirentur.
1719 1463 1808 1529 Ipse
1817 1477 1993 1512 autem-2

531 1539 720 1607 quadam
733 1537 799 1582 die
818 1535 856 1581 se
866 1532 920 1581 ad
937 1484 1192 1580 audiendam
1211 1529 1378 1577 Missam
1397 1535 1441 1576 in
1453 1529 1672 1577 ecclefiam
1692 1530 1846 1577 deferri
1865 1529 1993 1590 juffit.

531 1609 635 1668 Qa
644 1602 800 1653 audita,
813 1618 952 1648 unum
965 1612 1106 1663 tapete
1117 1614 1266 1644 coram
1283 1596 1424 1643 saneta
1435 1600 1576 1642 Cruce
1587 1595 1710 1644 sterni
1721 1596 1824 1643 fecit
1835 1632 1848 1654 ,
1865 1595 1992 1662 seseq';

526 1671 653 1735 super
664 1669 801 1715 hocin
812 1671 1055 1712 orationem
1068 1662 1184 1709 dedit
1195 1699 1206 1718 ,
1218 1666 1262 1708 δε
1274 1661 1390 1728 quafi
1401 1661 1495 1726 post
1504 1661 1727 1709 dimidiam
1739 1661 1895 1709 horam
1906 1661 1992 1709 sur-

529 1754 656 1801 gens,
682 1731 893 1801 quicquid
906 1727 1170 1795 supelledfilis
1191 1727 1346 1774 habere
1366 1730 1513 1792 potuit
1522 1762 1533 1782 ,
1554 1746 1703 1774 coram
1719 1727 1993 1793 seimportari

531 1820 616 1868 prae
622 1807 899 1866 cepit,praeter
910 1809 1155 1861 paraturam
1166 1800 1292 1840 unius
1302 1792 1461 1839 domus
1470 1811 1520 1839 ac
1530 1793 1840 1846 mensarum‚&
1850 1813 1991 1842 unum

530 1872 805 1934 opertorium
823 1898 836 1916 ‚
862 1881 957 1931 quae
968 1861 1140 1927 reliquit
1151 1858 1204 1906 ad
1216 1858 1276 1906 sui
1287 1857 1524 1906 successoris
1535 1858 1768 1906 servitium.
1825 1863 1991 1909 Caetera

530 1952 634 1982 curn
645 1930 973 1998 pe1·spexislet,in
977 1924 1254 1993 gemiscendo
1265 1925 1383 1972 dixit:
1394 1924 1590 1992 Ah,quid
1603 1926 1709 1973 mihi
1722 1926 1811 1974 haec
1822 1927 1989 1975 omnia?

528 2005 720 2047 Fuerunt
731 2012 903 2045 tantum
917 2012 1053 2061 pauca
1065 1992 1273 2040 camisalia
1290 2025 1303 2044 ‚
1335 1995 1379 2038 &
1392 1991 1553 2057 septem
1564 1992 1633 2039 vel
1643 1993 1751 2040 06ὶο
1768 1993 1990 2051 mensalia,

527 2066 620 2114 duo
632 2064 786 2113 sarcilia
805 2097 818 2116 ,
856 2067 900 2109 &
914 2061 967 2109 de
984 2074 1167 2126 argento
1179 2059 1331 2105 decem
1350 2057 1469 2105 solidi
1493 2077 1505 2105 ε
1533 2076 1645 2127 quos
1655 2058 1794 2107 statim
1813 2077 1990 2125 perma-

527 2151 610 2181 nus
621 2130 832 2198 praepofiti
842 2133 1041 2196 praecepit
1051 2132 1160 2173 inter
1169 2142 1372 2191 pauperes
1383 2124 1515 2172 dividi
1526 2123 1539 2177 ’,
1556 2139 1703 2172 caetera
1711 2128 1817 2173 vero
1829 2126 1989 2174 clericis

529 2205 699 2264 erogari
712 2232 724 2250 ‚
748 2197 849 2263 ficq3
860 2195 1088 2261 vigilanter
1097 2191 1257 2241 studuit
1268 2191 1306 2238 se
1315 2190 1369 2238 ad
1379 2190 1468 2238 hoc
1477 2209 1708 2257 praeparare
1716 2228 1728 2249 ,
1745 2205 1794 2239 ut
1805 2191 1987 2257 pulsanti

533 2264 760 2313 confestim
771 2261 906 2330 posset
917 2266 1091 2327 aperire.
1684 2320 1686 2322 v

635 2330 758 2379 Talia
775 2328 1047 2380 meditando,
1073 2325 1127 2376 ali
1160 2330 1299 2375 uoties
1309 2323 1361 2374 ad
1372 2326 1548 2392 superna
1564 2323 1804 2392 rapiebatur
1820 2323 1897 2373 ins
1917 2325 1987 2372 iri-

525 2414 576 2447 tu
585 2435 597 2456 ,
615 2417 664 2446 ac
676 2397 874 2464 quaedam
886 2394 995 2444 vidit
1005 2398 1050 2441 δε
1070 2347 1260 2452 audivit,
1281 2412 1376 2461 quae
1387 2399 1517 2440 etiam
1528 2410 1580 2439 ex
1592 2407 1710 2458 parte
1721 2392 1795 2439 fibi
1806 2344 1988 2440 affiffen-

526 2466 644 2513 tibus
668 2469 868 2512 narravit.
935 2466 1053 2509 Nam
1074 2461 1322 2508 Wernhero
1347 2463 1379 2506 F
1381 2458 1622 2506 uldenfium
1652 2458 1810 2506 Abbati
1830 2458 1870 2505 se
1888 2458 1985 2508 visi-

527 2538 636 2579 tanti
645 2535 921 2578 annunciavit
939 2562 953 2582 ,
985 2542 1036 2575 ut
1047 2526 1076 2574 s1
1086 2526 1178 2575 duo
1196 2532 1239 2574 in
1251 2526 1460 2573 eledlione
1468 2531 1556 2585 ejus
1569 2531 1727 2573 caeteris
1745 2524 1986 2574 concorda-

524 2597 709 2654 rent‚fibi
721 2603 763 2644 in
773 2596 1034 2663 Episcopatu
1044 2591 1299 2641 succeffurus
1308 2591 1416 2639 esset.
1482 2594 1592 2639 Item
1603 2591 1682 2639 alia
1700 2596 1796 2640 vice
1806 2590 1921 2660 quasi
1931 2590 1986 2638 de

529 2672 650 2727 gravi
662 2664 817 2711 somno
829 2668 1037 2710 excitatus
1048 2697 1061 2717 ,
1077 2665 1137 2708 ait
1145 2676 1292 2707 coram
1302 2658 1507 2705 omnibus
1519 2676 1533 2704 .·
1545 2662 1648 2705 Heu
1657 2694 1669 2715 ,
1681 2656 1766 2704 heu
1778 2691 1792 2710 ,
1805 2656 1927 2724 quod
1938 2657 1986 2704 il-

529 2729 625 2775 lum
643 2729 964 2777 Adalberonem
982 2741 1188 2793 nepotem
1207 2742 1357 2772 meum
1369 2742 1566 2791 unquam
1575 2723 1663 2771 vidi
1685 2740 1697 2768 τ
1715 2729 1815 2791 quia
1825 2741 1904 2789 pro
1913 2741 1982 2777 eo,

532 2794 654 2860 quod
665 2801 698 2841 ci
713 2795 1029 2843 consentiebam
1050 2791 1285 2840 secundum
1305 2791 1430 2838 suum
1441 2789 1695 2837 defiderium
1707 2822 1721 2842 ,
1744 2789 1903 2837 nolunt
1912 2808 1985 2837 me

531 2865 793 2924 impunitum
805 2869 847 2909 in
860 2863 984 2909 suum
995 2865 1179 2926 recipere
1190 2857 1471 2906 consortium.
1504 2860 1714 2921 Legimus
1726 2855 1983 2909 huicfimile,

536 2925 682 2971 fimeto
693 2931 909 2993 Gregorio
919 2934 963 2975 in
974 2928 1086 2975 libro
1094 2924 1389 2991 Dialogorum
1401 2923 1611 2970 referente
1623 2959 1634 2979 ,
1646 2921 1769 2990 quod
1779 2922 1983 2991 quidam)

535 2989 770 3038 Paschasius
780 3029 790 3048 ,
812 2999 851 3039 A
886 2993 1072 3042 ostolicae
1090 2991 1192 3039 sedis
1210 2995 1328 3039 mirae
1355 2990 1582 3037 sanstitatis
1604 2993 1844 3047 Diaconus,
1863 2994 1982 3049 cujus

534 3055 629 3122 post
641 3071 829 3103 mortem
840 3013 1065 3108 dalmatica
1074 3059 1235 3107 feretro
1245 3064 1331 3120 ejus
1343 3055 1602 3122 superposita
1610 3089 1623 3109 ,
1636 3056 1980 3103 daemoniacum

535 3127 611 3170 teti
614 3126 739 3189 git‚&
752 3122 910 3174 sanatus
919 3125 987 3174 est:
1000 3125 1101 3194 loco
1111 3125 1274 3194 poenali
1284 3123 1509 3190 deputatus
1518 3121 1649 3182 est,ob
1661 3121 1767 3171 nihil
1775 3118 1982 3232 aliudmig

1848 3202 1949 3252 -quo
