2260 3454
808 209 1004 241 LIBER
1057 208 1345 246 PRIMVS.
1690 211 1783 263 15⁸7

269 336 276 341 ’
299 358 413 386 maeo
435 337 696 384 Strabonem
718 336 953 383 concilient
973 336 1257 389 sadmonent
1274 346 1500 404 imperitos
1520 347 1635 409 apud
1658 347 1777 395 hunc
1795 384 1803 389 -
1820 362 1833 391 ζ·
1857 372 1878 392 t,
1960 345 1963 353 ¹

297 403 550 451 Vindelicos
572 403 716 469 legere
736 439 748 459 ‚
768 402 909 468 ipsum
922 403 1191 469 Vindoligos
1211 404 1410 472 scripslsse
1433 441 1445 459 ‚
1478 428 1575 476 quae
1609 420 1777 476 privata

294 470 369 517 sub
388 469 551 517 Rhaetis
567 489 676 535 gens
695 468 760 518 fit.
828 473 998 517 Verum
1036 470 1143 538 quid
1171 470 1348 520 alienius
1370 475 1393 520 a
1414 476 1635 524 Strabonis
1656 497 1777 526 men-

292 551 334 584 te
359 542 601 602 excogitari
623 541 820 602 potuerit
846 573 858 593 ‚
887 536 1091 585 nondum
1111 545 1295 604 reperio.
1355 541 1582 589 Interdum
1604 551 1774 609 cogito,

289 608 566 650 Aventinum
579 602 846 669 ineptissimo
857 607 1072 670 praecipue
1084 621 1362 660 commento,
1379 614 1561 674 experiri
1573 610 1774 664 voluisse,

289 688 426 738 quam
438 676 647 736 patientes
658 670 895 738 aliquando
907 673 1114 720 nafiurus
1128 672 1225 720 esset
1237 673 1433 722 lecstores.
1446 680 1542 723 Nec
1550 682 1668 723 enim
1682 696 1773 724 cer-

289 752 390 784 tum
401 751 478 784 aut
487 736 654 784 clarum
668 738 913 805 quidquam
927 738 1111 806 usquam
1147 776 1159 796 ,
1193 739 1223 787 si
1245 755 1437 808 quatuor
1449 743 1534 790 hos
1548 744 1772 791 Strabonis

289 804 415 851 locos
426 803 584 851 dubios
596 808 641 850 &
653 804 861 852 obscuros
873 805 1009 852 videri
1021 812 1329 871 permittimus.
1393 809 1644 857 Absurdum
1659 810 1772 859 estid

289 871 565 919 comminisci
585 904 596 923 ,
618 870 878 919 Strabonem
903 887 994 919 tam
1007 873 1148 921 multa
1160 888 1252 920 tam
1263 874 1493 940 diligenter
1502 877 1556 924 de
1569 878 1773 926 Vindoli-

287 944 355 1004 gis
376 972 389 991 ,
411 937 697 985 obscurissimi
710 945 901 986 nominis
913 940 1084 1005 populo
1098 941 1168 1005 (iis
1181 940 1288 993 sane,
1306 949 1382 1008 qui
1394 943 1500 989 nulli
1512 943 1650 997 fuere,
1663 945 1772 993 nihil

287 1005 429 1072 potest
438 1004 518 1052 effe
529 1005 774 1069 obscurius)
799 1012 918 1067 cujus
928 1007 1036 1053 alius
1045 1025 1182 1053 nemo
1202 1013 1452 1055 meminerit
1469 1043 1482 1062 ,
1504 1010 1654 1058 litteris
1666 1031 1770 1060 con-

287 1071 466 1138 fignaffe
486 1109 498 1128 ,
517 1072 769 1120 Vindelicos
790 1105 803 1123 ,
840 1090 1038 1137 quorum
1050 1074 1243 1118 maxime
1253 1073 1413 1120 illustre
1425 1094 1556 1139 perea
1566 1091 1770 1144 tempora

286 1157 453 1186 nomen
473 1139 572 1190 fuit,
585 1144 742 1185 tacitos
764 1136 1016 1201 praeteriisse.
1084 1137 1212 1185 Adde
1232 1140 1356 1206 quod
1376 1144 1568 1189 Licatios
1588 1144 1768 1195 illorum

286 1205 367 1253 esse
380 1212 441 1252 ait
459 1225 473 1260 3
498 1207 691 1252 Licatios
711 1217 788 1249 aut
807 1205 978 1250 Licates
995 1202 1050 1251 ad
1067 1211 1285 1268 genuinos
1304 1208 1554 1256 Vindelicos
1574 1215 1766 1259 omnino

283 1277 610 1339 pertinere‚non
620 1269 994 1322 Ptolemaeusmon
1005 1274 1252 1319 Aventinus
1263 1272 1457 1322 dubitat:
1504 1278 1629 1324 Tum
1642 1278 1768 1345 quod

282 1342 443 1406 optimi
454 1335 626 1384 codices
636 1336 888 1384 Vindelicos
902 1336 1147 1385 constanter
1168 1338 1334 1388 habent
1367 1359 1379 1388 :
1414 1346 1622 1410 Denique
1642 1345 1768 1412 quod

281 1424 356 1453 eos
368 1404 527 1452 Strabo
538 1403 702 1451 Rhaetis
714 1403 879 1472 ubique
887 1410 1093 1470 opponit.
1144 1405 1226 1453 Sed
1240 1424 1328 1472 ego
1341 1413 1469 1456 nimis
1488 1408 1664 1457 fortasse
1675 1417 1766 1458 ine-

277 1471 425 1539 ptus,fi
442 1471 563 1519 hunc
576 1470 710 1518 solem
731 1471 876 1518 lucere
887 1478 1144 1537 perneganti
1156 1506 1169 1525 ,
1193 1492 1287 1520 rem
1299 1475 1572 1524 manifestam
1584 1484 1764 1526 rationi-

277 1541 357 1587 bus
367 1539 616 1607 persuadere
627 1538 867 1604 aggrediar.
922 1538 1177 1586 Videndum
1188 1547 1349 1605 potius,
1357 1560 1460 1590 cum
1471 1544 1764 1594 Ptolemaeum

277 1611 323 1654 ὃς
335 1605 596 1655 Strabonem
608 1605 821 1653 dissentire
834 1605 1003 1654 constet
1019 1643 1031 1664 ,
1051 1612 1191 1654 utrius
1210 1608 1338 1656 nobis
1359 1609 1567 1658 sententia
1586 1612 1764 1680 sequen-

277 1674 332 1722 da
344 1673 407 1722 fit.
477 1677 637 1742 Neque
658 1691 932 1740 magnopere
952 1674 1136 1740 ambigo
1149 1712 1160 1732 ,
1180 1673 1427 1740 posterioris
1447 1679 1760 1728 auctoritatem

278 1741 431 1789 multis
442 1745 685 1788 momentis
706 1747 750 1787 in
767 1744 894 1788 causa
913 1739 1253 1806 praeponderare.
1324 1746 1423 1790 Sive
1444 1759 1616 1793 aetatem
1635 1746 1761 1814 inspi-

278 1814 366 1861 cio,
380 1807 535 1863 Strabo
547 1807 659 1854 illius
673 1813 885 1873 temporis
896 1807 1070 1876 aequalis
1102 1845 1114 1866 ‚
1162 1827 1256 1876 quo
1266 1808 1408 1858 Rhaeti
1420 1815 1465 1858 ὃς
1478 1812 1692 1861 Vindelici
1704 1815 1759 1861 ab

277 1873 483 1941 Augusto
495 1875 618 1926 νίἑὶί,
633 1878 678 1920 &
691 1874 911 1940 perspicue
923 1893 1081 1922 verum
1100 1912 1112 1932 ,
1130 1876 1356 1945 utriusque
1367 1879 1519 1945 populi
1531 1877 1635 1928 fines
1650 1894 1758 1929 tunc

276 1941 482 2010 liquidius
492 1940 700 2007 cog-nosci
713 1940 895 2007 potuisse
916 1974 927 1992 ,
947 1960 1084 2009 quam
1097 1961 1202 1990 cum
1212 1949 1256 1990 in
1266 1963 1400 1992 unam
1414 1945 1569 1994 deinde
1579 1953 1758 2012 provin-

275 2015 388 2056 ciam
395 2007 1413 2065 conflati,alterumnomen,Vindelicum‚ferme
1424 2012 1757 2063 obsolevit:Pto-

274 2075 451 2123 lemaeus
463 2075 606 2141 longo
616 2073 850 2122 intervallo
862 2075 916 2122 ab
927 2075 1010 2122 bac
1021 2081 1239 2124 memoria
1250 2093 1461 2127 remotus.
1519 2084 1560 2127 Si
1572 2079 1755 2129 scriben-

275 2142 319 2190 di
330 2142 737 2199 rationem‚Ptolem
743 2160 829 2189 aeus
840 2142 1034 2209 pauculis
1044 2143 1200 2200 verbis,
1212 2163 1310 2211 quae
1318 2146 1433 2194 aliud
1446 2153 1662 2213 cogitanti
1674 2167 1755 2215 po-

275 2224 400 2257 tuere
409 2208 702 2261 excidere,has
713 2208 859 2256 turbas
873 2215 1128 2257 commovit
1162 2228 1174 2257 :
1209 2211 1359 2259 Audio
1371 2232 1420 2260 ea
1430 2232 1520 2261 non
1533 2215 1678 2262 nullos
1690 2222 1755 2263 in-

272 2277 432 2324 ducere
442 2275 619 2324 tentaffe
631 2313 641 2334 ‚
655 2290 728 2324 tan
764 2294 869 2324 uam
879 2276 1233 2345 adulterina,quo
1244 2279 1426 2328 confilio
1440 2299 1520 2328 nos
1541 2282 1754 2336 molestia,

272 2343 401 2391 illum
429 2342 606 2397 fortasse,
625 2295 996 2391 notaqliberaffent
1022 2381 1033 2401 ,
1071 2343 1142 2391 sed
1174 2343 1373 2393 adversus
1403 2354 1611 2395 omnium
1632 2349 1754 2396 codi-

273 2429 378 2458 cum
392 2409 526 2458 fidem
545 2447 556 2466 ,
576 2428 806 2478 nunquam
827 2410 937 2458 mihi
958 2425 1134 2458 tantum
1153 2411 1280 2458 licere
1291 2413 1424 2460 velim
1444 2433 1456 2460 :
1495 2415 1651 2462 Strabo
1663 2416 1749 2462 sen-

272 2484 456 2525 tentiam
470 2483 600 2525 toties
612 2483 782 2541 repetiit
800 2512 813 2531 ,
835 2492 887 2525 ut
898 2476 929 2525 fi
940 2478 1052 2525 hanc
1064 2478 1300 2545 aliquando
1313 2480 1657 2528 controverfiam
1677 2501 1751 2529 ex-

274 2550 490 2593 oritur-am
502 2543 769 2610 praesenslffet
778 2550 945 2598 animo,
968 2551 1045 2593 vix
1067 2560 1178 2611 puto
1192 2545 1444 2612 explicatius
1459 2552 1503 2594 ὃς
1515 2548 1749 2614 expressius

274 2611 476 2680 quivisset
495 2610 634 2658 testari
667 2629 679 2658 :
715 2612 1070 2674 Qin&navalis
1082 2630 1253 2678 pugnae,
1267 2632 1403 2679 quam
1423 2614 1623 2663 Tiberius
1643 2635 1749 2664 cum

273 2678 505 2726 Vindelicis
520 2676 790 2726 commiserit
808 2716 820 2736 ,
840 2684 1056 2726 meminit.
1095 2679 1243 2726 Haecfi
1255 2698 1355 2727 vera
1366 2715 1378 2732 ,
1391 2681 1445 2728 ad
1456 2682 1602 2729 lacum
1613 2687 1749 2748 igitur

271 2745 504 2801 Vindelici,
522 2744 583 2792 fin
595 2744 711 2798 falsa,
733 2746 1013 2794 vaniffimum
1024 2746 1256 2792 hominem
1276 2747 1614 2797 existimabimus
1634 2784 1647 2802 ,
1671 2757 1748 2818 qui

271 2829 364 2859 non
375 2811 470 2858 satis
482 2811 684 2859 habuerit
694 2830 774 2859 nos
786 2813 891 2861 falsa
902 2813 1187 2879 descriptione
1199 2812 1345 2860 ludere
1355 2851 1366 2871 ,
1380 2814 1550 2881 insuper
1569 2818 1746 2865 menda-

271 2878 394 2926 cibus
403 2878 722 2926 narrationibus
741 2884 786 2926 in
798 2899 947 2928 errore
965 2880 1158 2927 voluerit
1170 2879 1430 2929 confirmare
1455 2904 1468 2938 3
1506 2889 1576 2930 cui
1597 2898 1745 2932 tamen

271 2945 409 3011 culpae
421 2963 555 2992 nemo
567 2963 763 3013 unquam
774 2946 951 2994 affinem
971 2946 1200 3012 suspicatus
1209 2946 1404 2995 est.Cum
1415 2949 1658 2998 adversario
1670 2970 1746 3017 ge-

269 3016 457 3060 neratim
471 3016 516 3058 &
527 3013 725 3059 universe
735 3031 1020 3080 componere,
1040 3028 1130 3080 atq3
1142 3027 1240 3063 uter
1249 3015 1537 3079 praeferendus
1550 3017 1743 3072 definire,

269 3097 362 3126 non
375 3077 434 3126 est
444 3084 615 3126 animus
645 3097 656 3125 :
691 3079 782 3127 Nisi
803 3099 877 3128 me
890 3095 1036 3128 tamen
1055 3079 1195 3126 multa
1206 3080 1384 3136 fallunt,
1405 3084 1531 3132 valde
1542 3101 1743 3150 apertum

267 3145 326 3195 est
340 3179 353 3199 ‚
382 3161 433 3194 ut
444 3146 705 3194 Ptolemaeus
725 3152 767 3193 in
781 3147 1100 3195 mathematicis
1118 3146 1341 3215 disciplinis
1354 3151 1547 3217 palmam
1560 3151 1742 3209 auferat,

275 3218 278 3221 ’
1626 3221 1740 3266 Stra-
