2260 3454
498 179 763 216 Λτιοτοκε
806 180 1081 216 BERNONE
1126 185 1373 221 ABBAYE,
1596 179 1690 236 615

218 243 343 313 quod
353 249 395 292 in
406 243 475 291 illa
484 248 782 294 contentione,
796 260 893 308 quae
902 250 1011 288 inter
1021 247 1342 306 Symmachum
1354 253 1512 316 Papam
1526 253 1569 298 8<
1582 253 1692 299 Lau-

216 316 408 359 rentium
426 309 543 357 fad'ta
558 307 617 356 est
649 345 662 364 ,
707 307 760 355 ad
778 306 1062 355 pontificatus
1080 310 1281 360 ordinem
1302 319 1592 365 Laurentium
1607 319 1692 366 ele-

216 383 284 444 git
302 414 314 434 ,
339 382 382 424 δε
397 380 601 423 omnium
616 372 711 441 post
721 380 1008 422 unanimitate
1019 374 1241 441 superatus
1261 414 1273 434 ,
1306 385 1351 426 in
1363 381 1433 428 sua
1444 398 1592 432 tamen
1603 385 1694 433 sen-

215 449 348 493 tentia
357 442 490 509 usque
497 448 618 503 juxta
628 441 745 488 diem
764 440 822 489 sui
833 447 972 489 exitus
992 442 1171 508 perstitit
1180 479 1192 500 ,
1212 443 1338 491 illum
1349 450 1539 497 amando
1559 467 1693 520 atque

214 507 483 576 praeferendo
492 541 505 560 ‚
519 526 654 575 quem
665 506 987 573 Episcoporum
998 508 1159 571 judicio
1168 511 1337 576 praeeffe
1347 512 1421 560 fibi
1430 517 1617 566 Ecclefia
1626 539 1690 566 re-

213 577 387 623 futavit.
401 577 503 637 Qa
511 579 554 621 in
566 592 611 621 re
621 579 723 640 quia
731 574 875 624 fimilis
886 577 995 641 pene
1005 576 1146 624 fuerat
1155 577 1393 627 amborum
1406 580 1532 647 culpa
1541 617 1553 634 ,
1565 594 1689 642 (nam

212 643 322 690 ficut
331 641 401 688 ille
409 644 720 695 Laurentium,
740 647 872 690 etiam
884 643 1155 708 Symmacho
1164 645 1367 694 ordinato
1381 663 1391 693 τ
1409 652 1467 695 ita
1480 652 1525 695 ὃς
1534 648 1608 697 iste
1619 687 1630 706 ,
1651 651 1690 698 se

210 709 354 756 adhuc
371 715 415 755 in
426 726 550 756 carne
562 723 767 756 manente
783 746 795 766 ,
831 710 931 758 licet
942 709 1123 777 fimplici
1134 713 1269 760 oculo
1287 719 1430 762 minus
1442 716 1614 763 rectum
1627 723 1688 764 in-

208 774 376 823 tuendo
394 809 407 827 ‚
454 776 599 823 voluit
611 790 765 824 contra
782 775 935 825 statuta
953 781 1132 826 Patrum
1144 779 1468 829 Adalberonem
1480 780 1571 830 fieri
1583 786 1686 851 Epi-

205 842 422 908 scopum)
453 841 542 890 hoc
561 841 680 890 idem
700 842 849 891 sentire
869 843 1078 910 poffimus
1095 845 1148 893 de
1164 846 1254 894 hoc
1277 853 1373 895 viro
1399 848 1685 909 smfflffimo,

205 909 330 978 quod
342 909 410 955 ille
421 908 474 956 de
486 909 719 957 Paschafio.
764 915 883 958 Nam
896 915 1025 959 Petro
1045 912 1167 979 super
1187 912 1277 963 hoc
1290 915 1574 982 quaessionem
1583 935 1685 966 mo-

204 982 421 1029 venti,cur
431 982 556 1043 is,qui
567 991 695 1024 tantae
708 976 937 1025 san6titatis
949 980 1290 1048 extiterat,quod
1301 988 1389 1042 ejus
1401 982 1548 1030 feretri
1559 984 1696 1032 vestis

206 1049 326 1108 tangi
338 1047 485 1109 potuit
496 1079 508 1099 ,
523 1047 568 1090 δε
578 1044 796 1109 malignus
808 1045 974 1110 spiritus
985 1046 1039 1092 ab
1049 1046 1213 1094 obsesso
1224 1047 1408 1096 homine
1418 1049 1576 1115 fugari,
1587 1050 1684 1116 post

205 1125 400 1157 mortem
421 1109 473 1157 ad
494 1110 716 1176 poenalem
736 1112 888 1158 locum
907 1111 1066 1159 duetus
1086 1112 1137 1159 fit
1157 1150 1168 1169 ‚
1203 1120 1261 1161 ita
1280 1115 1499 1180 respondit
1534 1136 1545 1164 ε
1585 1121 1682 1165 Hac

202 1183 247 1224 in
269 1195 313 1223 re
324 1194 485 1241 magna
505 1176 635 1225 debet
653 1182 971 1242 omnipotentis
991 1183 1074 1225 Dei
1097 1179 1349 1244 dispensatio
1371 1218 1382 1238 ,
1418 1186 1463 1228 δε
1477 1186 1611 1247 quam
1632 1185 1683 1232 fit

204 1244 456 1308 multiplex,
475 1243 670 1308 agnosci,
694 1244 983 1304 cujusjudicio
994 1245 1143 1291 aestum
1157 1246 1283 1297 est,ut
1295 1247 1411 1294 idem
1430 1250 1683 1298 virPascha-

205 1310 286 1357 sius
306 1314 349 1356 &
371 1310 455 1375 ipse
474 1315 588 1357 intus
607 1310 660 1357 ali
695 1323 831 1356 uanto
851 1324 1051 1375 tempore
1071 1316 1278 1377 reciperet
1310 1347 1323 1365 ,
1370 1315 1492 1382 quod
1513 1333 1681 1381 peccas-

203 1376 262 1423 set
296 1410 309 1429 ,
357 1380 400 1423 &
414 1390 560 1423 tamen
569 1329 899 1422 antecliumanos
909 1377 1063 1424 oculos
1074 1383 1183 1424 mira
1192 1397 1268 1443 per
1279 1397 1438 1445 corpus
1449 1383 1574 1428 [uum
1584 1383 1680 1446 post

201 1457 396 1490 mortem
416 1443 577 1489 faceret
595 1478 606 1498 ,
636 1448 711 1509 qui
723 1456 822 1489 ante
831 1457 1026 1490 mortem
1037 1449 1094 1490 eis
1106 1462 1292 1512 quoque
1312 1447 1681 1511 cognoscentibus

200 1516 270 1575 pia
288 1527 420 1575 opera
430 1507 592 1555 fecisset
636 1526 648 1554 :
694 1522 745 1555 ut
755 1526 835 1555 nec
846 1508 892 1555 hi
908 1542 921 1561 ,
949 1516 1025 1575 qui
1043 1515 1131 1571 ejus
1145 1511 1260 1558 bona
1271 1512 1489 1566 viderant,
1508 1515 1562 1561 de
1571 1516 1682 1562 elee-

199 1575 483 1639 mosynarum
494 1575 604 1622 illius
615 1574 898 1623 aestimatione
908 1575 1403 1645 fallerentur,nequeips1
1418 1579 1503 1627 sine
1516 1582 1681 1629 ultione

198 1642 414 1689 laxaretur
425 1642 549 1708 culpa
563 1675 576 1694 ,
600 1660 737 1709 quarn
747 1659 829 1688 nec
839 1641 918 1688 effe
931 1643 1105 1708 culpam
1118 1643 1318 1698 credidit,
1335 1647 1554 1694 &idcirco
1566 1649 1680 1696 hanc

197 1708 368 1756 fletibus
386 1727 477 1756 non
497 1713 694 1755 extinxit.
764 1710 831 1754 Sic
851 1709 1078 1775 quondam
1100 1709 1191 1756 dux
1209 1710 1278 1757 ille
1308 1730 1493 1778 magnus
1522 1715 1678 1762 Israeli-

198 1781 293 1822 ticae
313 1775 448 1841 plebis
460 1773 659 1839 Moyses,
679 1791 784 1820 cum
802 1791 894 1841 quo
906 1807 919 1826 ,
937 1774 1046 1822 ficut
1061 1775 1266 1842 scriptura
1287 1779 1418 1826 refert
1430 1816 1442 1836 ,
1460 1780 1675 1847 loqueba-

198 1857 269 1888 tur
281 1846 503 1888 Dominus
523 1840 634 1887 facie
649 1839 701 1887 ad
715 1840 871 1887 faciem
906 1874 920 1892 ,
968 1840 1210 1910 ficutloqui
1227 1843 1370 1892 homo
1389 1845 1443 1893 ad
1454 1853 1677 1896 amicum,

197 1909 326 1956 suum
338 1944 348 1962 ,
363 1912 408 1955 δε
420 1913 569 1954 Aaron
582 1906 713 1953 frater
724 1913 811 1967 ejus
824 1906 1018 1955 sacerdos
1028 1941 1041 1961 ,
1066 1924 1246 1975 propter
1255 1911 1432 1977 culpam
1445 1914 1675 1962 increduli-

198 1981 298 2023 tatis
309 2012 320 2032 ,
339 1977 362 2022 a
374 1979 578 2022 Domino
589 1972 735 2020 audire
746 1989 1003 2023 meruerunt
1031 1992 1042 2020 :
1070 1979 1188 2041 Qia
1201 1994 1295 2024 non
1306 1979 1536 2027 credidistis
1547 1982 1674 2039 mihi,

195 2057 246 2089 ut
257 2041 571 2089 sandiificaretis
583 2058 655 2087 me
667 2058 818 2088 coram
829 2039 927 2088 filiis
936 2041 1056 2089 Israel
1065 2076 1078 2095 ,
1097 2061 1189 2090 non
1199 2044 1487 2093 introducetis
1498 2046 1580 2095 hos
1592 2067 1674 2114 po-

195 2109 323 2175 pulos
334 2115 378 2156 in
388 2123 548 2155 terram
560 2144 572 2163 ,
591 2125 727 2172 quam
738 2105 851 2154 dabo
861 2113 918 2155 eis
935 2126 949 2155 ‚²
971 2108 1289 2158 utinflrmiores
1334 2111 1481 2161 uidam
1491 2132 1674 2181 perpen-

192 2176 302 2223 dant
312 2212 324 2232 ,
351 2193 439 2243 qua
450 2192 583 2239 poena
593 2179 637 2221 in
649 2174 807 2221 ultimo
818 2180 1018 2222 examine
1028 2175 1241 2225 distrisius
1250 2130 1380 2239 judex
1396 2186 1587 2245 graviter
1598 2181 1673 2229 de-

195 2243 440 2310 linquentes
449 2241 576 2288 feriat
585 2275 599 2294 ,
620 2258 724 2288 cum
735 2245 865 2287 etiam
879 2240 934 2289 fic
954 2260 1027 2289 eos
1038 2241 1110 2290 hic
1120 2248 1445 2313 corrigat,quos
1453 2252 1498 2294 in
1507 2249 1672 2296 elecff‘ae—

195 2327 297 2356 rum
312 2326 547 2356 numerum
565 2321 664 2354 ante
675 2307 812 2354 secula
824 2308 1149 2373 praedestinavit.
1196 2310 1278 2358 Sed
1288 2313 1341 2359 de
1361 2312 1426 2361 his
1444 2313 1669 2370 hadienus3

192 2393 312 2423 nunc
323 2374 378 2422 ad
386 2374 616 2422 intermissa
624 2374 863 2423 redeamus.

305 2441 470 2489 Aderat
478 2459 671 2509 namque
681 2447 765 2488 toti
776 2440 872 2489 orbi
883 2442 1153 2490 venerandus
1166 2442 1475 2496 dies,videlicet
1485 2450 1669 2495 Praecur-
1688 2475 1770 2525 Cap.
1780 2486 1838 2519 21·

195 2509 298 2557 soris
311 2507 467 2556 Christi
479 2508 756 2565 natalitius&
769 2513 835 2556 vir
848 2513 930 2556 Dei
936 2515 1061 2574 gravi
1071 2509 1335 2560 infirmitatis
1348 2514 1569 2579 oppressus
1579 2515 1669 2562 lan-

194 2594 359 2642 guore,
371 2574 491 2643 quafi
501 2573 554 2622 de
563 2573 720 2622 somno
731 2574 939 2640 evigilans
949 2609 961 2629 ‚
982 2582 1119 2642 coepit
1126 2576 1386 2627 adstantibus
1394 2581 1536 2627 dicere
1555 2599 1566 2627 :
1585 2586 1670 2630 Ve-

194 2641 324 2691 stibus
334 2660 406 2689 me
415 2641 598 2694 induite,
610 2645 656 2689 &
668 2642 960 2690 calceamenta
969 2643 1145 2709 pedibus
1156 2649 1261 2692 meis
1273 2646 1469 2710 praebete.
1516 2650 1609 2712 Qi
1620 2648 1668 2696 li-

192 2725 263 2758 cet
275 2709 397 2756 illum
408 2727 485 2776 per
495 2708 710 2757 excelsum
723 2714 881 2757 mentis
893 2724 1095 2777 putarent
1109 2711 1209 2758 talia
1226 2718 1452 2779 praecipere
1468 2750 1480 2770 ‚
1516 2728 1665 2763 tamen

192 2776 451 2825 studuerunt
466 2774 654 2824 obedire.
717 2776 889 2843 Insuper
910 2784 1042 2825 etiam
1061 2777 1380 2844 pontificalibus
1397 2780 1574 2828 indutus
1594 2798 1665 2829 or-

191 2847 527 2896 namenti8,cum
538 2848 730 2900 omni,ut
742 2862 841 2892 mos
851 2844 924 2898 est,
938 2844 1212 2893 Clericorum
1224 2843 1374 2894 officio
1384 2861 1536 2895 contra
1547 2847 1666 2913 spem

189 2916 400 2959 omnium
410 2909 612 2974 processit
622 2916 666 2957 in
675 2910 902 2976 publicum
916 2946 929 2965 ,
946 2915 991 2959 &
1003 2911 1060 2960 fic
1070 2911 1123 2959 ad
1133 2910 1368 2961 Ecclesiam
1379 2913 1487 2961 beati
1497 2914 1667 2982 Johan-

191 2985 258 3026 -nis
268 2981 327 3024 Ba
359 2975 482 3033 tistae,
499 2976 726 3044 quamipse
737 2979 998 3034 construxit,
1015 2984 1191 3026 veniens
1203 3015 1214 3035 ,
1233 2979 1381 3028 tandiu
1398 2979 1484 3028 fine
1495 2981 1668 3050 aliquo-

193 3063 295 3092 rum
332 3043 618 3091 ustentatione
635 3043 872 3094 hominum
891 3046 1081 3093 inviAEtus
1100 3044 1280 3110 perstitit
1297 3083 1310 3104 ‚
1343 3046 1485 3096 donec
1504 3049 1589 3102 bis,
1616 3049 1667 3097 si-

193 3127 272 3161 cut
288 3129 338 3160 ea
354 3110 422 3159 die
441 3110 651 3159 statutum
667 3110 725 3160 est
759 3149 772 3171 ,
816 3113 929 3162 sacra
951 3111 1175 3162 Miffarum
1205 3113 1392 3164 solennia
1419 3115 1663 3166 celebravit.

1003 3180 1126 3247 Gss
1163 3198 1187 3226 2
1550 3184 1665 3244 Qi-
