2260 3454
898 104 1275 184 ffi)0(Q‘

896 234 1275 280 THRENus

620 341 790 385 UALIS
805 344 847 385 in
865 344 985 385 a’e'rioe
997 337 1235 385 nemorofis
1253 339 1432 386 vallibus
1446 340 1526 387 Idae
1540 375 1551 392 ,

510 350 611 462 Q
738 405 915 452 Mobilis
928 405 1110 452 arboreo
1123 405 1313 451 fraxinus
1326 410 1369 451 in
1384 408 1550 471 populo
1564 441 1576 461 ‚

506 474 656 534 Qiam
678 475 845 518 circum
868 471 1088 536 Nymphae
1102 471 1286 518 alternas
1299 471 1459 518 duxere
1470 471 1664 526 choreas,

614 540 672 583 Et
686 538 844 600 septem
850 543 1052 602 geminos
1066 542 1152 584 Pan
1167 538 1286 584 dedit
1296 555 1374 583 ore
1387 537 1539 586 sonos:

502 605 651 665 Qam
665 617 821 651 tenerae
835 623 971 651 verno
984 604 1242 651 decorabant
1252 604 1358 651 flore
1367 603 1552 658 corollae,

612 670 924 735 Nympharum
938 675 1071 718 niveis
1085 669 1334 735 compositae
1343 671 1565 717 manibus:

504 736 722 784 Delicium
740 737 915 802 populi,
951 741 995 783 &
1011 742 1175 783 turritae
1187 736 1343 802 gaudia
1352 741 1500 784 Divae:

519 803 528 813 '
622 803 833 850 Paulatim
846 802 999 869 superis
1016 803 1206 850 nubibus
1219 802 1425 850 inseritur.

503 869 635 916 Multi
650 869 768 916 illam
777 869 1045 935 pueri,multi
1058 870 1298 916 accubuere
1307 871 1475 934 capellae
1485 903 1499 923 ‚

622 941 859 983 Arcentem
879 941 1007 1000 capiti
1027 935 1189 983 torrida
1210 934 1388 982 solstitia.

505 1004 621 1068 Saepe
637 1002 706 1048 sua
720 1008 762 1055 in
773 1009 937 1067 vegetis
952 1000 1138 1048 fixerunt
1148 1015 1357 1065 tympana
1365 1006 1491 1049 ramis

620 1072 744 1117 Sacra
756 1069 976 1132 Cybellaeo
986 1067 1111 1113 turba
1124 1067 1372 1116 ministerio.

503 1139 567 1182 At
576 1133 701 1180 simul
712 1133 824 1180 hanc
837 1132 977 1197 rigido
989 1131 1124 1178 secuit
1134 1149 1290 1178 manus
1302 1137 1432 1196 impia
1445 1131 1573 1184 ferro,

616 1204 708 1245 Aut
731 1205 883 1246 animae
898 1197 1023 1244 furor
1036 1202 1271 1263 impervius
1285 1198 1438 1244 AEoliae
1454 1234 1466 1253 ,

500 1264 760 1312 Frondiferis
775 1272 884 1326 jacet
898 1264 1007 1310 heu!
1054 1265 1292 1311 cervicibus
1313 1265 1514 1318 inclinata
1529 1299 1541 1319 ,

523 1379 526 1382 ,
605 1334 756 1387 Etiam
771 1330 979 1396 pallidulis
992 1336 1205 1386 emoritur
1216 1330 1342 1377 foliis.
1389 1378 1391 1380 .

499 1403 606 1446 Non
619 1397 679 1443 illi
698 1405 840 1461 patria:
850 1396 1020 1450 divinus
1030 1397 1196 1445 rivulus
1209 1395 1333 1444 undae
1344 1434 1356 1454 ,

575 1502 593 1520 Ο
607 1468 702 1511 Nec
724 1463 841 1510 dulci
856 1470 970 1529 potis
988 1463 1044 1511 est
1058 1481 1240 1510 munere
1262 1466 1397 1510 Terra
1415 1481 1563 1527 parens

499 1529 694 1576 Reddere
705 1535 821 1585 vitai,
838 1548 972 1596 quem
984 1537 1065 1588 jam
1079 1527 1467 1595 deperdidit‚usum
1482 1549 1495 1583 ς

606 1600 700 1643 Nec
713 1595 828 1643 celfis
841 1599 997 1643 iterum
1016 1596 1202 1643 nubibus
1222 1594 1429 1642 inseritur.

498 1661 609 1708 Solae
650 1665 674 1722 (
702 1662 827 1728 quod
870 1661 1042 1727 possunt
1072 1662 1094 1727 >
1138 1662 1433 1725 lacrymarum
1475 1679 1659 1709 munera

830 1729 1055 1793 Nymphae
1069 1765 1081 1785 ,

608 1793 813 1861 Asperaq3
833 1801 877 1842 in
896 1795 1088 1859 rigidum
1101 1809 1205 1843 vota
1218 1793 1567 1841 feruntssoream.

501 1866 569 1910 Sic
582 1877 669 1913 tua,
682 1864 975 1914 VELSERE,
994 1880 1073 1921 nos
1082 1867 1251 1918 circum
1267 1860 1417 1907 funera
1432 1859 1575 1908 moesti

607 1931 831 1991 Exiguum
854 1926 993 1974 surdas
1011 1945 1186 1975 carmen
1205 1926 1259 1974 ad
1273 1926 1442 1973 inferias

501 1993 737 2041 Fundimus
753 2011 764 2038 ε
779 1993 849 2039 hei
861 1993 870 2038 ἱ
894 1993 1031 2039 miseri
1042 2013 1150 2041 vana
1160 2007 1419 2058 argumenta
1431 1993 1588 2040 laboris
1603 1992 1613 2038 !

607 2064 712 2106 Non
727 2072 901 2105 exorata
917 2057 982 2105 sed
1003 2059 1080 2105 tibi
1100 2065 1190 2106 vita
1201 2077 1334 2105 manu
1391 2062 1426 2089 ‘'²‘'

499 2130 729 2190 Frangitur
738 2124 1110 2190 interea‚vacuaecj;
1120 2123 1362 2172 infunditur
1375 2142 1485 2171 aurae
1496 2159 1507 2179 ,

616 2191 778 2249 (Heu!
810 2208 901 2237 non
920 2205 1008 2238 tam
1024 2208 1185 2256 paucos
1194 2208 1365 2237 currere
1379 2190 1508 2256 digna
1520 2190 1626 2238 dies!
1641 2197 1660 2246 )

501 2261 559 2306 Et
579 2272 728 2305 tecum
747 2255 944 2304 Probitas
958 2290 969 2309 ‚
1004 2255 1198 2321 nostroq‘3
1216 2261 1464 2321 incognitus
1479 2276 1574 2304 aevo

604 2324 776 2376 Candor,
796 2327 840 2369 &
851 2328 1037 2390 antiquae
1047 2323 1332 2386 Simplicitatia
1344 2341 1462 2388 opes.

465 2436 469 2441 ,
495 2393 553 2437 Et
565 2389 728 2436 blandae
741 2389 929 2437 charita·
939 2426 949 2445 ‚
973 2404 1228 2436 tenerorum
1239 2394 1282 2435 &
1296 2395 1386 2436 vita
1397 2388 1621 2451 Lepdrmn,
1692 2390 1696 2394 “

548 2456 551 2459 ’
603 2459 660 2502 Et
678 2455 764 2502 fere
784 2474 1030 2520 numquam
1050 2454 1136 2501 aliis
1149 2455 1282 2502 Suada
1293 2455 1437 2501 locuta
1453 2454 1589 2501 labris.

496 2526 553 2570 Et
566 2521 758 2569 formosa
777 2522 896 2569 Sallu
919 2527 961 2569 δε
977 2522 1110 2587 pleno
1122 2522 1240 2584 Copia
1253 2538 1391 2567 cornu
1403 2557 1414 2577 ,

614 2589 771 2654 Qiaeq3
785 2603 885 2635 tuus
896 2592 1043 2635 Patriae
1053 2587 1292 2636 commoda
1303 2606 1346 2633 m
1355 2588 1441 2634 ulta
1450 2586 1590 2640 favor,

496 2655 657 2720 Qaeq3
671 2660 752 2702 tuis
768 2653 916 2702 saneris
928 2672 1055 2701 amor
1064 2653 1315 2718 indulgebat
1325 2658 1503 2706 Amicis,

661 2740 721 2768 uae
733 2739 848 2768 nunc
859 2719 1005 2768 frustra
1018 2735 1113 2767 atro
1126 2727 1358 2785 quaerimus
1377 2718 1531 2781 Elysio.

499 2787 580 2834 Sed
592 2788 728 2851 qualis
741 2787 843 2834 levis
855 2821 868 2839 ‚
916 2791 958 2833 δε
971 2785 1101 2833 solitis
1113 2786 1196 2832 fine
1212 2786 1373 2832 viribus
1384 2789 1495 2848 ignis

605 2854 920 2919 Nequidquam
932 2858 1067 2899 arenti
1078 2852 1307 2916 perfuritin
1321 2849 1492 2915 stipula:

495 2919 681 2967 Perfurit
693 2922 761 2966 ille
773 2934 919 2966 tamen
931 2953 943 2971 ‚
970 2918 1155 2984 fi)litasq;
1171 2917 1397 2963 videturin
1410 2921 1489 2962 iras

613 2987 832 3034 Tendere:
879 2988 982 3034 cum
994 2988 1156 3031 interea
1165 2982 1334 3030 fumida
1343 2986 1520 3031 materia

1629 3108 1802 3161 Deficit,
