2260 3454
1000 121 1504 192 EXPLJCATIO.
1554 187 1594 189 Μ
1913 137 2011 183 737

728 207 835 250 Ant.
1376 205 1544 254 Sebeda.

521 277 562 320 A
580 269 819 336 Lugduno.
1097 310 1100 313 Α
1269 272 1511 336 Lugduno.
1538 290 1583 324 2.

1271 339 1530 385 Praetoriurn
1543 341 1806 404 Agrippinae.
1823 354 1861 391 3.

1271 404 1499 450 Matilone.
1516 424 1555 458 5.

522 468 764 517 Albimanis
776 474 840 517 M.
851 471 895 515 P.
906 471 959 515 X.
1269 467 1535 522 Al'bamanis.
1549 489 1585 518 2.

1268 538 1414 599 Nigro
1427 536 1560 600 pullo.
1579 554 1615 588 5.

520 604 726 663 Traje<9to
739 603 1002 648 M.P.XV11.
1273 604 1417 648 Lauri.
1439 621 1453 650 ι
1466 623 1504 651 2.

521 672 757 717 Manaritio
769 672 816 718 M
824 671 998 717 .P.XV.
1272 668 1479 715 Fletione.
1503 675 1577 720 16.

1270 737 1391 782 Leve
1398 733 1517 781 fano.
1531 751 1572 787 3.

521 805 728 850 Carvohe
739 805 803 848 M.
815 803 860 848 P.
870 803 1001 848 XXII.
1271 803 1488 848 Carvone.
1508 819 1522 847 1
1538 818 1557 856 3
1569 836 1579 846 .

1274 865 1420 914 Castra
1429 866 1643 914 Herculis.
1661 883 1700 920 8.

1275 937 1562 999 Noviomagi.
1584 950 1652 982 10.

525 1005 766 1049 I-Ierenatio
782 1005 844 1049 M.
858 1003 901 1046 P.
914 1002 1043 1047 XXII.
1273 1005 1494 1047 Arenatio.
1510 1010 1552 1048 6.

526 1071 790 1133 Burginacio
805 1070 1004 1115 M.P.VI.
1280 1070 1549 1131 Burginatio.
1564 1085 1604 1122 5.

527 1135 721 1182 Colonia
731 1139 914 1195 Trajana
931 1136 995 1179 M.
1008 1135 1052 1178 P.
1066 1135 1123 1179 V.
1258 1194 1261 1196 v
1278 1133 1412 1179 Colo.
1423 1136 1524 1181 Tra.

528 1222 683 1269 Altero
701 1220 857 1268 itinere
873 1217 1082 1282 Lugduno
1099 1217 1427 1279 Noviomagum
1445 1231 1540 1264 cum
1559 1219 1664 1263 Ant.
1683 1216 1786 1263 duce
1804 1210 1996 1278 destitua-

468 1338 470 1340 ,
530 1288 785 1340 munminua
795 1287 924 1333 etiam
937 1285 1036 1331 lucis
1033 1279 1358 1349 schediaafferre
1361 1283 1615 1344 poterimus.
1640 1284 1788 1331 Prima
1799 1281 1821 1329 a
1832 1280 2001 1346 Lugdu-

527 1371 583 1402 no
595 1350 763 1419 manfio,

635 1423 708 1467 Fo
722 1437 787 1466 Ro
821 1436 888 1464 AD
903 1411 1655 1481 RIANI.17.stveutp0sl.S.habet,
1686 1417 1877 1461 FORUM
1910 1431 1999 1460 HA-

533 1505 562 1533 n
577 1505 601 1532 R
612 1505 625 1533 1
637 1505 665 1532 A
676 1504 704 1532 N
712 1504 739 1532 1.
758 1503 786 1531 x
798 1503 848 1531 11.
882 1484 986 1530 Non
995 1479 1334 1546 exstriham,quae
1343 1477 1419 1529 alii
1427 1482 1477 1530 de
1487 1483 1599 1529 Foru
1602 1481 1859 1546 generatim.
1881 1480 2001 1527 Huic

532 1552 784 1600 Hadrianus
801 1566 954 1598 nomen
971 1545 1158 1614 indidiffit
1175 1549 1379 1600 videtur,
1401 1565 1495 1596 cum
1512 1549 1557 1596 in
1571 1546 1749 1595 Galliam
1761 1546 1816 1596 &5
1828 1548 2004 1594 Germa-

533 1616 861 1683 niamprofeelua
869 1616 956 1682 (ut
964 1617 1211 1679 Spartianus
1220 1614 1321 1680 ait)
1333 1616 1611 1662 Britanniam
1617 1614 1748 1677 petiit
1758 1647 1770 1666 ‚
1788 1624 1916 1678 atque
1927 1612 2004 1659 ite-

531 1703 629 1735 rum
639 1687 684 1733 in
704 1685 881 1733 Galliam
898 1678 1104 1748 regreffus
1116 1678 1184 1747 est.
1229 1684 1374 1728 Homo
1381 1682 1531 1747 gloria
1552 1681 1607 1730 &5²
1623 1680 1790 1728 honoris
1805 1674 2003 1742 cchid{ffi-

533 1768 629 1801 mua
648 1786 660 1804 ,
683 1751 795 1817 quod
806 1752 889 1799 Dio
901 1750 1078 1797 notavit
1098 1782 1111 1802 ‚
1136 1747 1359 1813 plerasque
1371 1749 1577 1795 civitates
1588 1746 1610 1794 a
1605 1747 1689 1809 suo
1699 1747 1867 1794 nomine
1878 1745 2003 1793 ditias

534 1820 694 1867 voluit.
740 1821 784 1865 A
795 1816 1014 1881 Spartiano
1027 1815 1218 1882 exempla
1230 1826 1353 1878 petas
1371 1815 1482 1861 licet.
1527 1817 1579 1861 In
1592 1815 1774 1861 Batavus
1780 1812 2006 1875 privatam

523 1883 674 1953 forsan
692 1881 869 1950 caufflzm
867 1881 1089 1948 speHavit,
1092 1883 1236 1947 genti&
1233 1878 1544 1946 fortitudinem
1543 1879 1722 1947 fitilicet.
1752 1880 1870 1926 Nam
1880 1878 2011 1925 mira-

538 1953 624 2000 culi
634 1948 830 2016 vicefuit
859 1984 872 2004 ‚
918 1953 1145 1997 Batavum
1165 1949 1404 2013 equitatum
1422 1949 1489 1995 illo
1503 1948 1738 2010 imperante
1756 1942 2008 1993 Danubium

538 2014 818 2085 transnataſje
827 2028 1042 2065 armatum
1073 2050 1086 2069 ,
1134 2027 1185 2062 ut
1195 2013 1363 2063 barbari
1379 2011 1639 2080 obstupefaffi
1649 2025 1796 2077 pacem
1800 2021 2013 2075 peterent.

540 2081 908 2151 Circumferuntur
928 2084 972 2131 in
991 2082 1098 2131 hanc
1102 2078 1368 2147 sententiam
1387 2077 1514 2149 ipstua
1537 2078 1749 2128 Hadriani
1766 2078 1954 2126 carmina
1964 2076 2016 2124 de

545 2156 703 2202 Sorano
713 2156 903 2201 Batavo.

654 2244 685 2287 F
696 2258 721 2286 L
734 2257 758 2285 F.
771 2257 799 2284 N
811 2255 876 2284 10.
901 2253 916 2284 ι
928 2249 969 2289 8.
990 2229 1158 2300 Cavefis
1182 2233 1365 2281 Flevum
1391 2231 1527 2280 Taciti
1536 2232 1582 2279 in
1594 2227 1752 2296 Fufiis,
1773 2242 1852 2279 aut
1868 2229 2017 2278 Philae-

544 2326 620 2356 um
618 2303 724 2374 five
733 2305 917 2352 Phleum
929 2302 1165 2350 Germanias
1175 2300 1287 2364 apud
1293 2299 1567 2346 Ptolemaeum
1577 2298 1774 2360 accipere.

650 2378 692 2422 T
703 2392 731 2420 A
743 2390 824 2419 Bm
838 2390 868 2418 s.
903 2390 917 2418 1
934 2389 972 2416 2.
994 2367 1140 2420 Nihil,
1159 2367 1272 2432 quod
1285 2366 1341 2413 aa'
1349 2364 1641 2429 explicandum
1661 2360 1849 2429 afferam,
1868 2360 2011 2411 habeo.

545 2445 662 2490 Nam
675 2439 787 2505 quod
794 2437 971 2485 Scaldim
988 2434 1239 2483 Ptolemaeua
1249 2433 1482 2479 Tabudam
1494 2465 1506 2484 ,
1525 2430 1715 2479 nonnulli
1724 2428 1836 2477 male
1846 2429 1988 2477 Tabul
1999 2462 2013 2483 ,

546 2520 625 2557 aut
634 2506 850 2555 Tabulam
860 2503 1133 2569 appellavere,
1145 2499 1253 2548 nibil
1260 2499 1340 2546 huc
1343 2499 1561 2562 pertinere
1563 2492 1712 2562 potest.

661 2589 700 2632 C
710 2604 737 2631 A
750 2603 766 2630 s
778 2603 799 2631 P
813 2603 826 2630 1
837 2601 866 2629 N
879 2601 907 2628 G
920 2599 987 2628 10.
1021 2600 1035 2629 ι
1047 2591 1088 2632 8.
1111 2579 1182 2624 An
1196 2592 1348 2624 nomen
1353 2574 1493 2638 paullo
1504 2573 1796 2622 inconcinniua
1814 2607 1828 2626 ,
1876 2587 2017 2621 corru-

542 2664 666 2718 ptum
684 2648 908 2699 videbitur
926 2682 938 2702 ,
967 2658 1018 2694 ut
1021 2645 1190 2710 priores
1205 2655 1296 2691 trea
1306 2641 1459 2690 littera
1462 2638 1757 2709 sejungendae‚
1782 2636 2017 2706 Castellum„

532 2717 810 2788 stgnificent?

659 2803 700 2846 G
712 2817 737 2845 R
748 2817 761 2844 1
772 2815 860 2844 MIB
872 2814 940 2842 us.
961 2803 1002 2841 6.
1030 2794 1151 2840 Num
1173 2789 1359 2838 Grinnes
1371 2787 1509 2836 Taciti
1530 2792 1550 2835 ?
1578 2788 1870 2852 Nequaquam.
1917 2785 2019 2830 Cum

552 2867 726 2915 ‘Tacitus’
743 2880 828 2912 non
848 2858 1016 2927 obscure
1011 2855 1243 2926 stgnficet,
1255 2871 1352 2903 eum
1362 2855 1511 2903 vicum
1532 2866 1660 2902 extra
1672 2855 1948 2900 Batavorum
1960 2851 2026 2898 in-

540 2926 849 3004 sulamsletiſje.
1814 2936 1817 2940 ’

662 3015 703 3057 Α
716 3027 744 3055 D
782 3027 810 3055 D
824 3027 851 3055 u
863 3025 930 3054 OD
942 3025 967 3053 E
980 3023 1003 3051 c
1016 3023 1028 3051 1
1041 3022 1109 3051 mu
1124 3020 1166 3049 M.
1208 3021 1222 3049 1
1239 3019 1278 3054 8·
1313 3000 1510 3049 Nominis
1523 2998 1637 3046 ratio
1646 2998 1690 3045 in
1699 3008 1855 3061 aperto.
1902 2996 2022 3062 Ejus-

554 3078 668 3125 modi
686 3075 798 3140 apud
811 3077 916 3122 Ant.
950 3071 1021 3120 Ad
1038 3075 1288 3118 Decimum.
1322 3067 1392 3115 Ad
1413 3071 1657 3132 Septimum
1670 3064 1906 3111 decimum.
1952 3061 2024 3108 Ad

1377 3138 1417 3182 U
1429 3152 1459 3181 u
1468 3151 1498 3180 u
1861 3127 2025 3194 Vigefi-
