2260 3454
451 177 725 213 AuCTORE
770 179 1015 214 INCERTI
1048 181 1326 218 Nomtms.
1539 186 1634 231 533

324 232 1257 246 ————-——-—-———-§———-——..——-„-
1337 239 1354 246 ,,
1371 239 1534 246 -ῄ-

163 241 449 291 fierentfatsta.
496 250 556 291 Ut
566 259 714 290 autem
734 244 787 290 ab
807 251 866 291 eis
887 247 1031 312 aliqua
1052 267 1257 298 normam
1278 250 1544 300 rediitudinis
1562 253 1628 299 Iu-

162 311 473 378 pergredientia
484 316 661 375 cognita
672 310 840 357 audivit
849 346 860 366 ,
875 310 960 357 fine
969 321 1246 378 perceptione
1257 317 1533 380 personarum
1544 353 1557 371 ,
1569 318 1627 365 se-

163 377 358 424 cundum
368 377 577 438 judicium
589 376 847 422 clericorum
867 375 921 423 ad
933 383 1155 425 tramitem
1176 382 1443 429 testitudinis
1456 417 1468 435 ‚
1489 401 1628 452 quan-

164 459 261 490 tum
282 447 587 507 omnipotente
610 447 651 489 D
665 460 689 488 E
702 461 730 489 o
749 449 926 504 juvante
946 450 1093 509 potuit
1112 478 1125 497 ,
1162 446 1378 493 retrahere
1390 448 1629 502 festinavit,

164 515 208 556 ἃ
224 510 336 555 male
354 509 558 574 pullulata
572 509 735 556 surcula
749 515 960 557 vitiorum
969 509 1166 559 falcastro
1184 512 1402 559 verbiDffl
1415 512 1628 564 studiofis-

161 575 266 622 fime
277 574 459 622 resecare
469 609 481 627 ,
496 594 550 621 ne
562 576 754 640 virgulta
767 577 990 624 malorum
1001 583 1255 642 germinum
1264 577 1456 643 segetem
1466 579 1627 628 Christi

160 639 232 688 fibi
252 641 525 688 commissam
536 641 745 689 suffocare
755 642 861 690 licen
868 649 972 691 tiam
984 643 1243 697 habuissent,
1259 649 1304 691 δε
1316 645 1482 693 morbis
1495 652 1626 693 vitio-

159 725 256 754 rum
267 707 477 772 aptiffima
487 708 686 756 fomenta
705 710 1064 757 emendationum
1084 711 1314 776 opposuit,
1337 711 1405 758 sed
1415 725 1562 759 tamen
1574 712 1628 759 se-

158 773 353 820 cundum
366 775 561 822 Verbum
573 780 655 823 Dei
665 775 842 823 dicentis
852 814 863 832 ,
873 795 1009 842 argue
1019 814 1031 833 ,
1050 777 1244 834 obsecra,
1266 783 1437 844 increpa
1445 783 1490 825 in
1502 783 1629 825 omni

154 845 359 906 patientia
373 846 417 887 ὃς
429 841 640 889 docstrina.
687 845 750 888 Ea
761 845 866 889 vero
880 862 976 910 quae
987 842 1176 891 difficilia
1189 843 1538 910 &insuperabilia
1548 851 1630 892 mi-

155 905 290 954 nistris
300 905 380 954 suis
391 908 470 955 effe
481 909 534 955 ab
546 914 603 955 eis
616 915 832 974 comperit
849 944 861 962 ‚
890 916 931 956 in
945 909 1160 975 praesentia
1169 909 1230 957 sui
1239 917 1562 958 omniumscum
1573 929 1630 958 eo

156 980 429 1022 manentium
450 975 669 1036 adjutorio
707 1010 718 1027 ,
765 991 968 1042 percauta
988 977 1226 1024 direetione
1247 976 1360 1024 finiri
1388 979 1629 1026 contendit.

159 1043 271 1107 Qae
290 1057 436 1089 autem
458 1042 511 1088 ab
532 1048 589 1088 eis
612 1041 696 1088 fine
710 1042 1030 1090 obtre&atione
1058 1044 1243 1090 aliorum
1263 1049 1307 1090 in
1326 1043 1483 1090 statum
1503 1045 1629 1092 recti-

160 1107 317 1154 tudinis
326 1113 523 1161 converti
542 1108 762 1173 persenslt,
786 1127 941 1155 eorum
954 1115 1153 1173 regimini
1165 1109 1477 1174 perficiendum
1495 1110 1629 1157 firmi-

160 1188 226 1220 ter
236 1174 575 1221 commendavit.
596 1174 669 1220 Ille
681 1189 826 1220 autem
838 1175 1013 1241 sequens
1026 1175 1221 1238 regulam
1236 1175 1293 1222 sui
1307 1175 1628 1242 ministerii,Spi-

161 1246 264 1287 ritus
275 1241 404 1287 santsti
417 1240 585 1286 donum
598 1241 766 1305 populo
779 1241 831 1286 ad
851 1239 1050 1287 hocilluc
1069 1255 1344 1305 congregato
1366 1278 1377 1297 ‚
1413 1241 1534 1289 sacrae
1547 1261 1629 1289 un-

160 1307 316 1353 &ionis
343 1305 724 1353 confirmationem
752 1305 913 1353 studuit
942 1312 1179 1370 imponere.
1250 1311 1291 1353 Si
1303 1321 1452 1354 autem
1473 1308 1538 1355 his
1557 1308 1630 1355 ad-

160 1373 248 1418 huc
259 1372 523 1437 imperfetstis
535 1389 624 1417 nox
636 1371 762 1418 solito
774 1390 900 1418 more
917 1372 1144 1438 subrepens
1154 1371 1330 1419 advenit
1358 1407 1372 1426 ,
1419 1392 1474 1420 ne
1483 1374 1630 1442 aliqua

158 1456 253 1503 pars
282 1445 437 1485 ovium
467 1438 541 1484 fibi
572 1438 899 1484 commistarum
923 1438 1188 1485 detrimento
1215 1444 1471 1503 privationis
1496 1441 1629 1487 coele-

158 1504 225 1552 stis
237 1504 342 1552 doni
353 1518 606 1568 gravaretur
635 1540 647 1559 ,
692 1504 869 1551 incenfis
881 1504 1164 1552 luminaribus
1181 1511 1225 1552 in
1236 1509 1432 1552 Nomine
1443 1510 1630 1553 Domini

157 1585 303 1635 coepta
313 1569 515 1636 perficere
525 1569 771 1617 decertavit.
817 1571 1039 1618 Interdum
1053 1586 1198 1618 autem
1210 1590 1315 1619 cum
1328 1571 1380 1618 de
1391 1572 1629 1638 refragato-

157 1636 273 1684 ribus
283 1636 446 1698 justitiae
456 1651 576 1684 tanta
585 1643 812 1684 contentio
833 1637 1080 1684 excrevisset
1090 1674 1101 1694 ,
1120 1652 1171 1684 ut
1181 1637 1417 1685 decedente
1432 1638 1500 1685 die
1513 1654 1631 1686 tene-

158 1703 243 1750 brae
255 1704 397 1751 nozflis
408 1703 692 1751 funderentur
704 1709 746 1749 in
764 1704 934 1750 mundo
944 1740 955 1759 ‚
976 1722 1030 1750 ne
1042 1722 1122 1768 pro
1135 1722 1188 1750 eo
1212 1704 1396 1751 concilia
1413 1702 1630 1752 inibiven-

159 1769 277 1817 tilata
288 1784 559 1816 remanerent
569 1770 809 1816 incorrecsta
822 1803 833 1821 ‚
854 1770 1089 1816 luminibus
1107 1775 1148 1816 in
1155 1770 1261 1817 cenfi
1267 1789 1285 1818 s
1297 1771 1464 1835 regulas
1478 1775 1627 1819 Cano-

158 1841 272 1884 nicas
282 1837 422 1901 legere
432 1841 629 1901 praecepit
640 1871 651 1890 ,
662 1849 711 1881 ut
721 1835 813 1881 seris
822 1836 985 1895 justitiae
997 1855 1072 1883 ora
1083 1837 1406 1901 refragatorum
1415 1837 1628 1903 opilaren-

159 1918 231 1950 tur
250 1939 262 1959 ,
297 1906 340 1948 &
351 1901 636 1963 justisjudiciis
648 1907 849 1948 omniain
862 1907 944 1950 Dei
954 1902 1183 1950 voluntate
1203 1903 1624 1951 consummarentur.

158 1973 281 2016 Cum
300 1983 447 2015 autem
466 1969 692 2033 completo
712 1968 899 2015 concilio
911 1969 981 2015 vel
999 1968 1334 2016 confirmatione
1351 1970 1403 2017 ad
1414 1969 1627 2018 manfiun·

158 2036 275 2083 culas
294 2036 418 2082 rediit
449 2069 461 2087 ,
508 2053 665 2100 corpus
685 2033 965 2081 reficiendum
983 2053 1073 2082 non
1096 2040 1210 2101 prius
1231 2035 1461 2102 prandium
1484 2036 1626 2102 gusta-

159 2107 224 2150 vit
253 2135 266 2154 ,
312 2120 448 2170 quam
470 2101 724 2167 pauperibus
742 2100 1020 2165 eleemosynae
1038 2101 1091 2148 ab
1110 2120 1164 2148 eo
1182 2102 1510 2155 clerico,cuiilla
1520 2103 1626 2150 obe-

157 2169 316 2216 dientia
327 2183 415 2215 erat
433 2166 1065 2232 commendata,erogabantur.
1112 2168 1342 2217 Debilibus
1360 2183 1507 2216 autem
1516 2188 1627 2217 cum

161 2253 216 2282 eo
242 2234 568 2282 advenientibus
606 2239 649 2280 in
677 2233 746 2280 sua
773 2233 990 2298 praesentia
1016 2234 1239 2282 collocatis
1272 2271 1284 2292 ,
1329 2235 1626 2283 abundantem

161 2301 445 2350 refefflonem
456 2306 617 2366 apponi
629 2305 844 2365 praecepit·
909 2304 955 2346 In
968 2300 1228 2367 quibusdam
1249 2316 1397 2349 autem
1405 2302 1553 2349 diebus
1562 2320 1623 2349 ca-

160 2368 296 2435 pitula
306 2386 407 2414 cum
419 2367 578 2414 clericis
587 2367 745 2414 habere
755 2366 959 2432 disposuit
974 2372 1016 2412 in
1030 2366 1094 2413 his
1106 2367 1302 2424 locis,ubi
1313 2367 1404 2415 haec
1412 2367 1625 2433 aptissime

160 2434 251 2482 fieri
271 2433 625 2501 archipresbyteri
643 2448 907 2499 putaverunt
924 2467 936 2486 ‚
968 2437 1012 2479 δε
1024 2433 1099 2479 ubi
1118 2451 1220 2480 eum
1232 2433 1283 2480 ab
1293 2434 1382 2481 aliis
1391 2434 1623 2481 mundanis

160 2500 351 2549 conciliis
377 2499 686 2547 ablolutiorem
717 2499 795 2546 effe
831 2498 1154 2546 arbitrabantur.
1233 2503 1525 2566 Congregatis
1550 2517 1625 2547 an-

161 2583 203 2614 te
215 2566 252 2613 le
265 2567 426 2613 clericis
436 2603 447 2623 ‚
471 2565 861 2632 archipresbyteros
873 2571 917 2612 ὃς
938 2565 1122 2612 decanos
1132 2599 1143 2617 ‚
1175 2568 1219 2611 &
1230 2572 1424 2631 optimos
1435 2583 1546 2633 quos
1559 2572 1623 2613 in-

159 2648 224 2681 ter
234 2651 309 2679 eos
326 2638 518 2680 invenire
537 2638 685 2698 potuit
704 2670 716 2689 ‚
762 2635 887 2680 caute
907 2632 1394 2697 interrogavit‚qualiter
1404 2631 1622 2699 quotidia-

158 2718 269 2747 num
281 2704 364 2746 Dei
375 2699 591 2746 servitium
605 2699 658 2747 ab
669 2706 725 2746 eis
737 2700 987 2765 impleretur
1022 2733 1034 2751 ‚
1083 2703 1126 2745 ὃς
1139 2698 1322 2766 qualiter
1334 2698 1413 2744 illis
1432 2698 1622 2764 populus

157 2766 368 2826 subjeffiius
379 2785 429 2812 ex
442 2771 498 2813 eis
517 2781 737 2831 regeretur
756 2771 799 2812 in
809 2765 949 2813 studio
971 2763 1222 2831 praedicandi
1233 2763 1479 2830 docendiq3,
1489 2783 1625 2830 quan-

160 2833 250 2898 tac‘13
270 2833 433 2879 cautela
448 2832 630 2879 infantes
646 2832 966 2897 baptizarentur
983 2866 996 2884 ‚
1023 2831 1183 2878 infirmi
1199 2830 1470 2878 vifitarentur
1490 2835 1534 2878 δε
1546 2850 1623 2879 un-

160 2913 367 2964 gerentur
381 2932 393 2950 ,
424 2898 737 2946 defunctorum
754 2905 881 2946 etiam
894 2916 1077 2963 corpora
1089 2911 1250 2964 quanta
1260 2896 1552 2962 compassione
1562 2897 1621 2945 se-

160 2965 343 3029 pulturis
357 2964 624 3011 traderentur
646 2999 658 3016 ‚
706 2965 889 3031 qualiter
901 2964 952 3011 de
970 2964 1146 3011 decimis
1159 2967 1204 3009 &
1216 2963 1506 3011 oblationibus
1516 2962 1620 3011 fide-

160 3032 266 3078 lium
281 3049 484 3096 pauperes
495 3035 539 3077 ὃς
550 3030 704 3077 debiles
717 3045 1005 3079 recrearentur
1018 3064 1030 3082 ,
1051 3028 1189 3076 viduis
1204 3034 1247 3076 ὃς
1257 3028 1460 3095 orphanis
1470 3037 1514 3078 in
1525 3036 1621 3077 uni-

159 3096 286 3145 verfis
305 3097 617 3145 necessitatibus
638 3097 910 3146 subvenirent
929 3130 941 3149 >
990 3095 1245 3162 quantoque
1263 3095 1402 3145 studio
1416 3101 1459 3144 in
1476 3096 1620 3208 holspi-

958 3164 1033 3210 Zz
1082 3181 1102 3219 3
1508 3168 1539 3209 ti
1573 3179 1620 3208 us
