<?xml version="1.0" encoding="UTF-8"?>
<!DOCTYPE html PUBLIC "-//W3C//DTD XHTML 1.0 Transitional//EN"
    "http://www.w3.org/TR/xhtml1/DTD/xhtml1-transitional.dtd">
<html xmlns="http://www.w3.org/1999/xhtml" xml:lang="en" lang="en">
 <head>
  <title>
</title>
<meta http-equiv="Content-Type" content="text/html;charset=utf-8" />
  <meta name='ocr-system' content='tesseract 3.04.00' />
  <meta name='ocr-capabilities' content='ocr_page ocr_carea ocr_par ocr_line ocrx_word'/>
</head>
<body>
  <div class='ocr_page' id='page_1' title='image "./operahistoricaet00wels_0739.png"; bbox 0 0 2260 3454; ppageno 0'>
   <div class='ocr_carea' id='block_1_1' title="bbox 536 192 1696 243">
    <p class='ocr_par' dir='ltr' id='par_1_1' title="bbox 536 192 1696 243">
     <span class='ocr_line' id='line_1_1' title="bbox 536 192 1696 243; baseline 0.008 -9"><span class='ocrx_word' id='word_1_1' title='bbox 536 198 803 234; x_wconf 74' lang='lat' dir='ltr'>AucToRE</span> <span class='ocrx_word' id='word_1_2' title='bbox 830 198 1109 235; x_wconf 74' lang='lat' dir='ltr'><em>BERNoNE</em></span> <span class='ocrx_word' id='word_1_3' title='bbox 1143 204 1391 240; x_wconf 75' lang='lat' dir='ltr'><em>ABBATE.</em></span> <span class='ocrx_word' id='word_1_4' title='bbox 1607 192 1696 243; x_wconf 77' lang='lat'>601</span> 
     </span>
    </p>
   </div>
   <div class='ocr_carea' id='block_1_2' title="bbox 223 328 1701 399">
    <p class='ocr_par' dir='ltr' id='par_1_2' title="bbox 223 328 1701 399">
     <span class='ocr_line' id='line_1_2' title="bbox 223 328 1701 399; baseline 0 -17"><span class='ocrx_word' id='word_1_5' title='bbox 223 335 324 382; x_wconf 89' lang='lat' dir='ltr'>dine</span> <span class='ocrx_word' id='word_1_6' title='bbox 335 335 563 399; x_wconf 70' lang='lat' dir='ltr'>praeventi,</span> <span class='ocrx_word' id='word_1_7' title='bbox 572 329 642 378; x_wconf 90' lang='lat' dir='ltr'>vel</span> <span class='ocrx_word' id='word_1_8' title='bbox 652 328 888 376; x_wconf 86' lang='lat' dir='ltr'>carceribus</span> <span class='ocrx_word' id='word_1_9' title='bbox 897 328 1049 376; x_wconf 83' lang='lat' dir='ltr'>inclusi</span> <span class='ocrx_word' id='word_1_10' title='bbox 1059 330 1194 395; x_wconf 79' lang='lat' dir='ltr'>longe</span> <span class='ocrx_word' id='word_1_11' title='bbox 1203 334 1392 393; x_wconf 88' lang='lat' dir='ltr'>aberant,</span> <span class='ocrx_word' id='word_1_12' title='bbox 1406 338 1701 388; x_wconf 78' lang='lat' dir='ltr'>ministrando,</span> 
     </span>
    </p>
   </div>
   <div class='ocr_carea' id='block_1_3' title="bbox 330 396 1841 471">
    <p class='ocr_par' dir='ltr' id='par_1_3' title="bbox 330 396 1841 471">
     <span class='ocr_line' id='line_1_3' title="bbox 330 396 1841 471; baseline 0.008 -26"><span class='ocrx_word' id='word_1_13' title='bbox 330 397 453 446; x_wconf 85' lang='lat' dir='ltr'>Nulli</span> <span class='ocrx_word' id='word_1_14' title='bbox 464 401 568 463; x_wconf 72' lang='lat' dir='ltr'>itaq-2</span> <span class='ocrx_word' id='word_1_15' title='bbox 580 413 732 443; x_wconf 88' lang='lat' dir='ltr'>avarus</span> <span class='ocrx_word' id='word_1_16' title='bbox 741 428 755 448; x_wconf 90' lang='lat'>‚</span> <span class='ocrx_word' id='word_1_17' title='bbox 778 396 984 444; x_wconf 86' lang='lat' dir='ltr'>omnibus</span> <span class='ocrx_word' id='word_1_18' title='bbox 994 397 1295 463; x_wconf 82' lang='lat' dir='ltr'>extititlargus</span> <span class='ocrx_word' id='word_1_19' title='bbox 1305 433 1319 453; x_wconf 87' lang='lat'>,</span> <span class='ocrx_word' id='word_1_20' title='bbox 1339 408 1397 449; x_wconf 90' lang='lat' dir='ltr'>ita</span> <span class='ocrx_word' id='word_1_21' title='bbox 1408 418 1458 451; x_wconf 93' lang='lat' dir='ltr'>ut</span> <span class='ocrx_word' id='word_1_22' title='bbox 1468 405 1575 453; x_wconf 89' lang='lat' dir='ltr'>illud</span> <span class='ocrx_word' id='word_1_23' title='bbox 1585 406 1698 454; x_wconf 90' lang='lat' dir='ltr'>beati</span> <span class='ocrx_word' id='word_1_24' title='bbox 1722 422 1841 471; x_wconf 52' lang='grc' dir='ltr'><strong><em>σφω’.</em></strong></span> 
     </span>
    </p>
   </div>
   <div class='ocr_carea' id='block_1_4' title="bbox 183 461 1699 3199">
    <p class='ocr_par' dir='ltr' id='par_1_4' title="bbox 183 461 1699 3199">
     <span class='ocr_line' id='line_1_4' title="bbox 218 461 1699 536; baseline 0.005 -26"><span class='ocrx_word' id='word_1_25' title='bbox 218 466 307 536; x_wconf 88' lang='lat' dir='ltr'>Job</span> <span class='ocrx_word' id='word_1_26' title='bbox 318 464 455 530; x_wconf 80' lang='lat' dir='ltr'>posset</span> <span class='ocrx_word' id='word_1_27' title='bbox 462 462 603 509; x_wconf 89' lang='lat' dir='ltr'>dicere</span> <span class='ocrx_word' id='word_1_28' title='bbox 618 480 629 508; x_wconf 92' lang='lat'>:</span> <span class='ocrx_word' id='word_1_29' title='bbox 647 461 901 509; x_wconf 70' lang='lat' dir='ltr'>Benedifflo</span> <span class='ocrx_word' id='word_1_30' title='bbox 911 468 1087 529; x_wconf 90' lang='lat' dir='ltr'>perituri</span> <span class='ocrx_word' id='word_1_31' title='bbox 1099 463 1222 530; x_wconf 89' lang='lat' dir='ltr'>super</span> <span class='ocrx_word' id='word_1_32' title='bbox 1241 483 1314 515; x_wconf 88' lang='lat' dir='ltr'>me</span> <span class='ocrx_word' id='word_1_33' title='bbox 1325 468 1525 516; x_wconf 87' lang='lat' dir='ltr'>veniebat</span> <span class='ocrx_word' id='word_1_34' title='bbox 1533 504 1546 523; x_wconf 85' lang='lat'>‚</span> <span class='ocrx_word' id='word_1_35' title='bbox 1564 476 1608 519; x_wconf 73' lang='grc' dir='ltr'>ὃς</span> <span class='ocrx_word' id='word_1_36' title='bbox 1620 492 1699 521; x_wconf 86' lang='lat' dir='ltr'>cor</span> 
     </span>
     <span class='ocr_line' id='line_1_5' title="bbox 219 528 1695 604; baseline 0.002 -24"><span class='ocrx_word' id='word_1_37' title='bbox 219 532 360 582; x_wconf 69' lang='lat' dir='ltr'>viduae</span> <span class='ocrx_word' id='word_1_38' title='bbox 371 529 616 576; x_wconf 84' lang='lat' dir='ltr'>consolatus</span> <span class='ocrx_word' id='word_1_39' title='bbox 626 528 733 575; x_wconf 87' lang='lat' dir='ltr'>sum.</span> <span class='ocrx_word' id='word_1_40' title='bbox 810 531 869 576; x_wconf 91' lang='lat' dir='ltr'>Et</span> <span class='ocrx_word' id='word_1_41' title='bbox 879 531 1009 595; x_wconf 78' lang='lat' dir='ltr'>paulo</span> <span class='ocrx_word' id='word_1_42' title='bbox 1021 530 1138 597; x_wconf 87' lang='lat' dir='ltr'>post:</span> <span class='ocrx_word' id='word_1_43' title='bbox 1151 532 1327 581; x_wconf 84' lang='lat' dir='ltr'><strong>Oculus</strong></span> <span class='ocrx_word' id='word_1_44' title='bbox 1338 532 1403 580; x_wconf 90' lang='lat' dir='ltr'>fui</span> <span class='ocrx_word' id='word_1_45' title='bbox 1412 553 1530 582; x_wconf 86' lang='lat' dir='ltr'>caeco</span> <span class='ocrx_word' id='word_1_46' title='bbox 1540 570 1554 588; x_wconf 87' lang='lat'><em>‚</em></span> <span class='ocrx_word' id='word_1_47' title='bbox 1567 542 1612 583; x_wconf 72' lang='grc' dir='ltr'>δε</span> <span class='ocrx_word' id='word_1_48' title='bbox 1621 557 1695 604; x_wconf 79' lang='lat' dir='ltr'>pes</span> 
     </span>
     <span class='ocr_line' id='line_1_6' title="bbox 215 596 1695 668; baseline 0.003 -22"><span class='ocrx_word' id='word_1_49' title='bbox 215 596 374 646; x_wconf 90' lang='lat' dir='ltr'>claudo</span> <span class='ocrx_word' id='word_1_50' title='bbox 394 612 406 641; x_wconf 91' lang='lat'>:</span> <span class='ocrx_word' id='word_1_51' title='bbox 434 610 555 660; x_wconf 91' lang='lat' dir='ltr'>pater</span> <span class='ocrx_word' id='word_1_52' title='bbox 565 613 682 642; x_wconf 88' lang='lat' dir='ltr'>eram</span> <span class='ocrx_word' id='word_1_53' title='bbox 694 612 950 660; x_wconf 88' lang='lat' dir='ltr'>pauperum.</span> <span class='ocrx_word' id='word_1_54' title='bbox 981 599 1041 644; x_wconf 90' lang='lat' dir='ltr'>Et</span> <span class='ocrx_word' id='word_1_55' title='bbox 1050 603 1210 645; x_wconf 88' lang='lat' dir='ltr'>iterum</span> <span class='ocrx_word' id='word_1_56' title='bbox 1234 617 1246 646; x_wconf 73' lang='grc' dir='ltr'><strong><em>ε</em></strong></span> <span class='ocrx_word' id='word_1_57' title='bbox 1273 599 1453 649; x_wconf 79' lang='lat' dir='ltr'>Flebam</span> <span class='ocrx_word' id='word_1_58' title='bbox 1463 604 1695 668; x_wconf 87' lang='lat' dir='ltr'>quondam</span> 
     </span>
     <span class='ocr_line' id='line_1_7' title="bbox 212 659 1694 734; baseline 0.001 -23"><span class='ocrx_word' id='word_1_59' title='bbox 212 665 337 729; x_wconf 89' lang='lat' dir='ltr'>super</span> <span class='ocrx_word' id='word_1_60' title='bbox 346 680 450 709; x_wconf 90' lang='lat' dir='ltr'>eum</span> <span class='ocrx_word' id='word_1_61' title='bbox 459 696 471 714; x_wconf 93' lang='lat'><em>‚</em></span> <span class='ocrx_word' id='word_1_62' title='bbox 493 667 568 729; x_wconf 90' lang='lat' dir='ltr'>qui</span> <span class='ocrx_word' id='word_1_63' title='bbox 580 659 767 709; x_wconf 71' lang='lat' dir='ltr'>affiicstus</span> <span class='ocrx_word' id='word_1_64' title='bbox 777 677 867 710; x_wconf 89' lang='lat' dir='ltr'>erat</span> <span class='ocrx_word' id='word_1_65' title='bbox 875 699 887 720; x_wconf 89' lang='lat'>,</span> <span class='ocrx_word' id='word_1_66' title='bbox 911 667 956 710; x_wconf 73' lang='grc' dir='ltr'>δε</span> <span class='ocrx_word' id='word_1_67' title='bbox 967 664 1320 730; x_wconf 68' lang='lat' dir='ltr'>compatiebatur</span> <span class='ocrx_word' id='word_1_68' title='bbox 1330 672 1477 714; x_wconf 88' lang='lat' dir='ltr'>anima</span> <span class='ocrx_word' id='word_1_69' title='bbox 1488 686 1586 715; x_wconf 90' lang='lat' dir='ltr'>mea</span> <span class='ocrx_word' id='word_1_70' title='bbox 1594 687 1694 734; x_wconf 75' lang='lat' dir='ltr'>pau-</span> 
     </span>
     <span class='ocr_line' id='line_1_8' title="bbox 209 728 1693 798; baseline 0.004 -20"><span class='ocrx_word' id='word_1_71' title='bbox 209 735 314 798; x_wconf 89' lang='lat' dir='ltr'>peri.</span> <span class='ocrx_word' id='word_1_72' title='bbox 361 728 484 777; x_wconf 81' lang='lat' dir='ltr'>Unde</span> <span class='ocrx_word' id='word_1_73' title='bbox 503 734 547 776; x_wconf 93' lang='lat' dir='ltr'>in</span> <span class='ocrx_word' id='word_1_74' title='bbox 569 728 810 777; x_wconf 66' lang='lat' dir='ltr'>refeffione</span> <span class='ocrx_word' id='word_1_75' title='bbox 829 730 1084 797; x_wconf 90' lang='lat' dir='ltr'>quotidiana</span> <span class='ocrx_word' id='word_1_76' title='bbox 1100 730 1266 797; x_wconf 88' lang='lat' dir='ltr'>semper</span> <span class='ocrx_word' id='word_1_77' title='bbox 1284 739 1371 794; x_wconf 77' lang='lat' dir='ltr'>ers</span> <span class='ocrx_word' id='word_1_78' title='bbox 1387 733 1542 782; x_wconf 73' lang='lat' dir='ltr'>mensae</span> <span class='ocrx_word' id='word_1_79' title='bbox 1561 735 1693 784; x_wconf 86' lang='lat' dir='ltr'>chara</span> 
     </span>
     <span class='ocr_line' id='line_1_9' title="bbox 208 797 1690 865; baseline 0.004 -21"><span class='ocrx_word' id='word_1_80' title='bbox 208 798 285 845; x_wconf 88' lang='lat' dir='ltr'>fibi</span> <span class='ocrx_word' id='word_1_81' title='bbox 297 802 501 844; x_wconf 82' lang='lat' dir='ltr'>intererat</span> <span class='ocrx_word' id='word_1_82' title='bbox 510 813 752 862; x_wconf 88' lang='lat' dir='ltr'>pauperum</span> <span class='ocrx_word' id='word_1_83' title='bbox 764 797 904 849; x_wconf 89' lang='lat' dir='ltr'>turba,</span> <span class='ocrx_word' id='word_1_84' title='bbox 914 815 1052 865; x_wconf 88' lang='lat' dir='ltr'>quam</span> <span class='ocrx_word' id='word_1_85' title='bbox 1065 802 1110 845; x_wconf 67' lang='grc' dir='ltr'>ὃς</span> <span class='ocrx_word' id='word_1_86' title='bbox 1122 800 1246 847; x_wconf 70' lang='grc' dir='ltr'>νίἂιι</span> <span class='ocrx_word' id='word_1_87' title='bbox 1255 805 1376 865; x_wconf 89' lang='lat' dir='ltr'>pavit</span> <span class='ocrx_word' id='word_1_88' title='bbox 1385 837 1397 857; x_wconf 86' lang='lat'>,</span> <span class='ocrx_word' id='word_1_89' title='bbox 1410 805 1454 848; x_wconf 71' lang='grc' dir='ltr'>δε</span> <span class='ocrx_word' id='word_1_90' title='bbox 1463 800 1690 850; x_wconf 87' lang='lat' dir='ltr'>indumen-</span> 
     </span>
     <span class='ocr_line' id='line_1_10' title="bbox 206 861 1690 932; baseline 0.003 -20"><span class='ocrx_word' id='word_1_91' title='bbox 206 870 262 912; x_wconf 87' lang='lat' dir='ltr'>tis</span> <span class='ocrx_word' id='word_1_92' title='bbox 273 863 457 916; x_wconf 69' lang='lat' dir='ltr'>vestivit.</span> <span class='ocrx_word' id='word_1_93' title='bbox 525 861 719 929; x_wconf 90' lang='lat' dir='ltr'>Seipsum</span> <span class='ocrx_word' id='word_1_94' title='bbox 729 866 837 910; x_wconf 82' lang='lat' dir='ltr'>vero</span> <span class='ocrx_word' id='word_1_95' title='bbox 850 870 982 912; x_wconf 88' lang='lat' dir='ltr'>nimia</span> <span class='ocrx_word' id='word_1_96' title='bbox 993 872 1287 914; x_wconf 82' lang='lat' dir='ltr'>maceratione</span> <span class='ocrx_word' id='word_1_97' title='bbox 1304 865 1549 932; x_wconf 85' lang='lat' dir='ltr'>castigavit,</span> <span class='ocrx_word' id='word_1_98' title='bbox 1569 875 1627 916; x_wconf 89' lang='lat' dir='ltr'>ita</span> <span class='ocrx_word' id='word_1_99' title='bbox 1639 884 1690 917; x_wconf 94' lang='lat' dir='ltr'>ut</span> 
     </span>
     <span class='ocr_line' id='line_1_11' title="bbox 203 929 1688 999; baseline 0.003 -20"><span class='ocrx_word' id='word_1_100' title='bbox 203 949 380 980; x_wconf 87' lang='lat' dir='ltr'>carnem</span> <span class='ocrx_word' id='word_1_101' title='bbox 391 948 482 976; x_wconf 93' lang='lat' dir='ltr'>non</span> <span class='ocrx_word' id='word_1_102' title='bbox 493 929 777 977; x_wconf 87' lang='lat' dir='ltr'>manducaret</span> <span class='ocrx_word' id='word_1_103' title='bbox 800 967 812 987; x_wconf 94' lang='lat'>,</span> <span class='ocrx_word' id='word_1_104' title='bbox 851 935 896 978; x_wconf 70' lang='grc' dir='ltr'>ὃς</span> <span class='ocrx_word' id='word_1_105' title='bbox 916 931 1164 980; x_wconf 79' lang='lat' dir='ltr'>intrinsecus</span> <span class='ocrx_word' id='word_1_106' title='bbox 1181 932 1305 999; x_wconf 81' lang='lat' dir='ltr'>super</span> <span class='ocrx_word' id='word_1_107' title='bbox 1323 933 1490 982; x_wconf 87' lang='lat' dir='ltr'>nudam</span> <span class='ocrx_word' id='word_1_108' title='bbox 1509 950 1688 984; x_wconf 66' lang='lat' dir='ltr'>cutem-2</span> 
     </span>
     <span class='ocr_line' id='line_1_12' title="bbox 203 995 1687 1067; baseline 0.003 -21"><span class='ocrx_word' id='word_1_109' title='bbox 203 999 376 1046; x_wconf 84' lang='lat' dir='ltr'>laneam</span> <span class='ocrx_word' id='word_1_110' title='bbox 386 995 548 1044; x_wconf 89' lang='lat' dir='ltr'>vestem</span> <span class='ocrx_word' id='word_1_111' title='bbox 558 1011 774 1062; x_wconf 89' lang='lat' dir='ltr'>portaret,</span> <span class='ocrx_word' id='word_1_112' title='bbox 785 996 892 1045; x_wconf 92' lang='lat' dir='ltr'>illud</span> <span class='ocrx_word' id='word_1_113' title='bbox 904 997 1104 1064; x_wconf 84' lang='lat' dir='ltr'>Apostoli</span> <span class='ocrx_word' id='word_1_114' title='bbox 1114 1016 1246 1065; x_wconf 90' lang='lat' dir='ltr'>opere</span> <span class='ocrx_word' id='word_1_115' title='bbox 1255 1000 1528 1067; x_wconf 88' lang='lat' dir='ltr'>proclamans</span> <span class='ocrx_word' id='word_1_116' title='bbox 1555 1019 1567 1049; x_wconf 75' lang='grc' dir='ltr'><strong><em>ε</em></strong></span> <span class='ocrx_word' id='word_1_117' title='bbox 1601 1006 1687 1050; x_wconf 90' lang='lat' dir='ltr'>Ca-</span> 
     </span>
     <span class='ocr_line' id='line_1_13' title="bbox 201 1062 1685 1130; baseline 0.003 -18"><span class='ocrx_word' id='word_1_118' title='bbox 201 1065 316 1130; x_wconf 83' lang='lat' dir='ltr'>stigo</span> <span class='ocrx_word' id='word_1_119' title='bbox 327 1081 485 1129; x_wconf 89' lang='lat' dir='ltr'>corpus</span> <span class='ocrx_word' id='word_1_120' title='bbox 494 1067 710 1120; x_wconf 88' lang='lat' dir='ltr'>meum‚&amp;</span> <span class='ocrx_word' id='word_1_121' title='bbox 727 1069 770 1110; x_wconf 88' lang='lat' dir='ltr'>in</span> <span class='ocrx_word' id='word_1_122' title='bbox 783 1062 1033 1112; x_wconf 89' lang='lat' dir='ltr'>servitutem</span> <span class='ocrx_word' id='word_1_123' title='bbox 1047 1065 1201 1130; x_wconf 81' lang='lat' dir='ltr'>redigo</span> <span class='ocrx_word' id='word_1_124' title='bbox 1223 1102 1235 1123; x_wconf 93' lang='lat'>,</span> <span class='ocrx_word' id='word_1_125' title='bbox 1266 1085 1321 1113; x_wconf 92' lang='lat' dir='ltr'>ne</span> <span class='ocrx_word' id='word_1_126' title='bbox 1331 1066 1448 1114; x_wconf 76' lang='lat' dir='ltr'>forte</span> <span class='ocrx_word' id='word_1_127' title='bbox 1469 1086 1574 1115; x_wconf 92' lang='lat' dir='ltr'>cum</span> <span class='ocrx_word' id='word_1_128' title='bbox 1594 1069 1685 1117; x_wconf 90' lang='lat' dir='ltr'>aliis</span> 
     </span>
     <span class='ocr_line' id='line_1_14' title="bbox 203 1130 1687 1200; baseline 0.003 -22"><span class='ocrx_word' id='word_1_129' title='bbox 203 1131 528 1198; x_wconf 75' lang='lat' dir='ltr'>praedicaverim</span> <span class='ocrx_word' id='word_1_130' title='bbox 539 1166 551 1186; x_wconf 88' lang='lat'>,</span> <span class='ocrx_word' id='word_1_131' title='bbox 574 1130 660 1195; x_wconf 91' lang='lat' dir='ltr'>ipse</span> <span class='ocrx_word' id='word_1_132' title='bbox 671 1130 881 1195; x_wconf 90' lang='lat' dir='ltr'>reprobus</span> <span class='ocrx_word' id='word_1_133' title='bbox 893 1130 1063 1178; x_wconf 87' lang='lat' dir='ltr'>efficiar.</span> <span class='ocrx_word' id='word_1_134' title='bbox 1133 1135 1192 1179; x_wconf 87' lang='lat' dir='ltr'>Et</span> <span class='ocrx_word' id='word_1_135' title='bbox 1202 1134 1336 1180; x_wconf 67' lang='lat' dir='ltr'>nocste</span> <span class='ocrx_word' id='word_1_136' title='bbox 1346 1134 1525 1200; x_wconf 87' lang='lat' dir='ltr'>quidem</span> <span class='ocrx_word' id='word_1_137' title='bbox 1536 1140 1579 1182; x_wconf 92' lang='lat' dir='ltr'>in</span> <span class='ocrx_word' id='word_1_138' title='bbox 1589 1152 1687 1183; x_wconf 85' lang='lat' dir='ltr'>ora-</span> 
     </span>
     <span class='ocr_line' id='line_1_15' title="bbox 204 1195 1684 1263; baseline 0.003 -18"><span class='ocrx_word' id='word_1_139' title='bbox 204 1204 327 1245; x_wconf 84' lang='lat' dir='ltr'>tione</span> <span class='ocrx_word' id='word_1_140' title='bbox 339 1197 523 1263; x_wconf 79' lang='lat' dir='ltr'>pervigil</span> <span class='ocrx_word' id='word_1_141' title='bbox 555 1232 568 1253; x_wconf 91' lang='lat'>,</span> <span class='ocrx_word' id='word_1_142' title='bbox 613 1195 795 1261; x_wconf 89' lang='lat' dir='ltr'>seipsum</span> <span class='ocrx_word' id='word_1_143' title='bbox 811 1203 853 1243; x_wconf 92' lang='lat' dir='ltr'>in</span> <span class='ocrx_word' id='word_1_144' title='bbox 865 1214 936 1243; x_wconf 89' lang='lat' dir='ltr'>ara</span> <span class='ocrx_word' id='word_1_145' title='bbox 953 1197 1095 1244; x_wconf 89' lang='lat' dir='ltr'>cordis</span> <span class='ocrx_word' id='word_1_146' title='bbox 1113 1216 1188 1262; x_wconf 90' lang='lat' dir='ltr'>per</span> <span class='ocrx_word' id='word_1_147' title='bbox 1208 1204 1418 1246; x_wconf 86' lang='lat' dir='ltr'>orationis</span> <span class='ocrx_word' id='word_1_148' title='bbox 1437 1201 1573 1248; x_wconf 87' lang='lat' dir='ltr'>studia</span> <span class='ocrx_word' id='word_1_149' title='bbox 1591 1220 1684 1249; x_wconf 86' lang='lat' dir='ltr'>ma-</span> 
     </span>
     <span class='ocr_line' id='line_1_16' title="bbox 202 1261 1682 1328; baseline 0.002 -16"><span class='ocrx_word' id='word_1_150' title='bbox 202 1266 342 1312; x_wconf 62' lang='lat' dir='ltr'>&amp;avit</span> <span class='ocrx_word' id='word_1_151' title='bbox 358 1282 370 1310; x_wconf 78' lang='grc' dir='ltr'><em>τ</em></span> <span class='ocrx_word' id='word_1_152' title='bbox 393 1263 462 1310; x_wconf 89' lang='lat' dir='ltr'>die</span> <span class='ocrx_word' id='word_1_153' title='bbox 474 1264 579 1310; x_wconf 81' lang='lat' dir='ltr'>vero</span> <span class='ocrx_word' id='word_1_154' title='bbox 590 1262 712 1328; x_wconf 91' lang='lat' dir='ltr'>super</span> <span class='ocrx_word' id='word_1_155' title='bbox 731 1263 862 1309; x_wconf 81' lang='lat' dir='ltr'>altare</span> <span class='ocrx_word' id='word_1_156' title='bbox 871 1261 1080 1309; x_wconf 79' lang='lat' dir='ltr'>visibilem</span> <span class='ocrx_word' id='word_1_157' title='bbox 1093 1281 1141 1309; x_wconf 92' lang='lat' dir='ltr'>ac</span> <span class='ocrx_word' id='word_1_158' title='bbox 1152 1263 1378 1311; x_wconf 87' lang='lat' dir='ltr'>salutarem</span> <span class='ocrx_word' id='word_1_159' title='bbox 1388 1265 1575 1314; x_wconf 85' lang='lat' dir='ltr'>hostiam</span> <span class='ocrx_word' id='word_1_160' title='bbox 1585 1272 1682 1314; x_wconf 84' lang='lat' dir='ltr'>Do-</span> 
     </span>
     <span class='ocr_line' id='line_1_17' title="bbox 200 1326 1681 1396; baseline 0.001 -18"><span class='ocrx_word' id='word_1_161' title='bbox 200 1336 326 1378; x_wconf 89' lang='lat' dir='ltr'>mino</span> <span class='ocrx_word' id='word_1_162' title='bbox 337 1329 606 1384; x_wconf 89' lang='lat' dir='ltr'>immolavit,</span> <span class='ocrx_word' id='word_1_163' title='bbox 618 1329 711 1395; x_wconf 81' lang='lat' dir='ltr'>quo</span> <span class='ocrx_word' id='word_1_164' title='bbox 722 1334 810 1388; x_wconf 87' lang='lat' dir='ltr'>ejus</span> <span class='ocrx_word' id='word_1_165' title='bbox 821 1326 1074 1376; x_wconf 82' lang='lat' dir='ltr'>sacrificium</span> <span class='ocrx_word' id='word_1_166' title='bbox 1086 1328 1352 1396; x_wconf 80' lang='lat' dir='ltr'>redemptori</span> <span class='ocrx_word' id='word_1_167' title='bbox 1363 1339 1568 1379; x_wconf 90' lang='lat' dir='ltr'>omnium</span> <span class='ocrx_word' id='word_1_168' title='bbox 1580 1334 1681 1381; x_wconf 77' lang='lat' dir='ltr'>esset</span> 
     </span>
     <span class='ocr_line' id='line_1_18' title="bbox 199 1396 1680 1462; baseline 0.003 -19"><span class='ocrx_word' id='word_1_169' title='bbox 199 1411 380 1462; x_wconf 82' lang='lat' dir='ltr'>gratum</span> <span class='ocrx_word' id='word_1_170' title='bbox 403 1399 447 1442; x_wconf 65' lang='grc' dir='ltr'>ὃς</span> <span class='ocrx_word' id='word_1_171' title='bbox 466 1409 711 1459; x_wconf 90' lang='lat' dir='ltr'>acceptum.</span> <span class='ocrx_word' id='word_1_172' title='bbox 765 1398 851 1441; x_wconf 88' lang='lat' dir='ltr'>Die</span> <span class='ocrx_word' id='word_1_173' title='bbox 871 1412 975 1441; x_wconf 89' lang='lat' dir='ltr'>cum</span> <span class='ocrx_word' id='word_1_174' title='bbox 993 1396 1170 1443; x_wconf 85' lang='lat' dir='ltr'>Martha</span> <span class='ocrx_word' id='word_1_175' title='bbox 1191 1401 1394 1445; x_wconf 90' lang='lat' dir='ltr'>Domino</span> <span class='ocrx_word' id='word_1_176' title='bbox 1406 1404 1450 1445; x_wconf 93' lang='lat' dir='ltr'>in</span> <span class='ocrx_word' id='word_1_177' title='bbox 1469 1399 1680 1448; x_wconf 80' lang='lat' dir='ltr'>membris</span> 
     </span>
     <span class='ocr_line' id='line_1_19' title="bbox 197 1461 1679 1532; baseline 0.002 -22"><span class='ocrx_word' id='word_1_178' title='bbox 197 1463 279 1510; x_wconf 88' lang='lat' dir='ltr'>suis</span> <span class='ocrx_word' id='word_1_179' title='bbox 291 1461 556 1509; x_wconf 84' lang='lat' dir='ltr'>ministrabat</span> <span class='ocrx_word' id='word_1_180' title='bbox 576 1477 587 1505; x_wconf 91' lang='lat'><strong>:</strong></span> <span class='ocrx_word' id='word_1_181' title='bbox 603 1461 736 1506; x_wconf 63' lang='lat' dir='ltr'>noete</span> <span class='ocrx_word' id='word_1_182' title='bbox 747 1462 855 1506; x_wconf 81' lang='lat' dir='ltr'>vero</span> <span class='ocrx_word' id='word_1_183' title='bbox 872 1479 977 1507; x_wconf 90' lang='lat' dir='ltr'>cum</span> <span class='ocrx_word' id='word_1_184' title='bbox 990 1465 1129 1508; x_wconf 87' lang='lat' dir='ltr'>Maria</span> <span class='ocrx_word' id='word_1_185' title='bbox 1140 1461 1285 1511; x_wconf 88' lang='lat' dir='ltr'>sedens</span> <span class='ocrx_word' id='word_1_186' title='bbox 1304 1464 1418 1511; x_wconf 84' lang='lat' dir='ltr'>secus</span> <span class='ocrx_word' id='word_1_187' title='bbox 1429 1465 1556 1530; x_wconf 85' lang='lat' dir='ltr'>pedes</span> <span class='ocrx_word' id='word_1_188' title='bbox 1572 1466 1679 1532; x_wconf 76' lang='lat' dir='ltr'>Jesu,</span> 
     </span>
     <span class='ocr_line' id='line_1_20' title="bbox 195 1524 1679 1599; baseline 0.001 -21"><span class='ocrx_word' id='word_1_189' title='bbox 195 1529 398 1578; x_wconf 86' lang='lat' dir='ltr'>audiebat</span> <span class='ocrx_word' id='word_1_190' title='bbox 406 1526 591 1576; x_wconf 90' lang='lat' dir='ltr'>verbum</span> <span class='ocrx_word' id='word_1_191' title='bbox 603 1524 860 1582; x_wconf 88' lang='lat' dir='ltr'>illius,sciens</span> <span class='ocrx_word' id='word_1_192' title='bbox 872 1526 1080 1594; x_wconf 88' lang='lat' dir='ltr'>scriptum</span> <span class='ocrx_word' id='word_1_193' title='bbox 1101 1546 1114 1575; x_wconf 75' lang='grc' dir='ltr'><strong><em>ε</em></strong></span> <span class='ocrx_word' id='word_1_194' title='bbox 1137 1530 1228 1592; x_wconf 78' lang='lat' dir='ltr'>Qui</span> <span class='ocrx_word' id='word_1_195' title='bbox 1238 1528 1594 1599; x_wconf 86' lang='lat' dir='ltr'>appropinquant</span> <span class='ocrx_word' id='word_1_196' title='bbox 1606 1551 1679 1598; x_wconf 92' lang='lat' dir='ltr'>pe-</span> 
     </span>
     <span class='ocr_line' id='line_1_21' title="bbox 193 1592 1677 1658; baseline 0 -15"><span class='ocrx_word' id='word_1_197' title='bbox 193 1595 319 1643; x_wconf 87' lang='lat' dir='ltr'>dibus</span> <span class='ocrx_word' id='word_1_198' title='bbox 331 1601 419 1655; x_wconf 88' lang='lat' dir='ltr'>ejus</span> <span class='ocrx_word' id='word_1_199' title='bbox 431 1630 443 1649; x_wconf 91' lang='lat'>,</span> <span class='ocrx_word' id='word_1_200' title='bbox 462 1598 673 1658; x_wconf 90' lang='lat' dir='ltr'>accipient</span> <span class='ocrx_word' id='word_1_201' title='bbox 683 1592 736 1639; x_wconf 91' lang='lat' dir='ltr'>de</span> <span class='ocrx_word' id='word_1_202' title='bbox 747 1592 947 1641; x_wconf 60' lang='lat' dir='ltr'>dod‘trina</span> <span class='ocrx_word' id='word_1_203' title='bbox 957 1594 1081 1641; x_wconf 88' lang='lat' dir='ltr'>illius.</span> <span class='ocrx_word' id='word_1_204' title='bbox 1127 1598 1233 1644; x_wconf 86' lang='lat' dir='ltr'>Erat</span> <span class='ocrx_word' id='word_1_205' title='bbox 1244 1602 1283 1643; x_wconf 92' lang='lat' dir='ltr'>ei</span> <span class='ocrx_word' id='word_1_206' title='bbox 1304 1596 1487 1645; x_wconf 83' lang='lat' dir='ltr'>solennis</span> <span class='ocrx_word' id='word_1_207' title='bbox 1500 1598 1677 1646; x_wconf 77' lang='lat' dir='ltr'>consue-</span> 
     </span>
     <span class='ocr_line' id='line_1_22' title="bbox 193 1659 1680 1726; baseline 0.003 -16"><span class='ocrx_word' id='word_1_208' title='bbox 193 1660 306 1710; x_wconf 88' lang='lat' dir='ltr'>tudo</span> <span class='ocrx_word' id='word_1_209' title='bbox 316 1697 327 1718; x_wconf 78' lang='lat'>,</span> <span class='ocrx_word' id='word_1_210' title='bbox 337 1659 434 1726; x_wconf 90' lang='lat' dir='ltr'>post</span> <span class='ocrx_word' id='word_1_211' title='bbox 444 1659 804 1726; x_wconf 89' lang='lat' dir='ltr'>Completorium</span> <span class='ocrx_word' id='word_1_212' title='bbox 817 1659 876 1706; x_wconf 95' lang='lat' dir='ltr'>nil</span> <span class='ocrx_word' id='word_1_213' title='bbox 886 1661 971 1707; x_wconf 90' lang='lat' dir='ltr'>cibi</span> <span class='ocrx_word' id='word_1_214' title='bbox 981 1675 1057 1708; x_wconf 87' lang='lat' dir='ltr'>aut</span> <span class='ocrx_word' id='word_1_215' title='bbox 1069 1675 1201 1726; x_wconf 87' lang='lat' dir='ltr'>potus</span> <span class='ocrx_word' id='word_1_216' title='bbox 1212 1662 1378 1710; x_wconf 90' lang='lat' dir='ltr'>sumere</span> <span class='ocrx_word' id='word_1_217' title='bbox 1390 1700 1402 1720; x_wconf 93' lang='lat'>,</span> <span class='ocrx_word' id='word_1_218' title='bbox 1416 1663 1584 1712; x_wconf 87' lang='lat' dir='ltr'>filentio</span> <span class='ocrx_word' id='word_1_219' title='bbox 1598 1665 1680 1714; x_wconf 80' lang='lat' dir='ltr'>stu-</span> 
     </span>
     <span class='ocr_line' id='line_1_23' title="bbox 193 1725 1676 1792; baseline 0.003 -17"><span class='ocrx_word' id='word_1_220' title='bbox 193 1728 294 1776; x_wconf 80' lang='lat' dir='ltr'>dere</span> <span class='ocrx_word' id='word_1_221' title='bbox 314 1746 326 1774; x_wconf 90' lang='lat'>:</span> <span class='ocrx_word' id='word_1_222' title='bbox 344 1727 499 1774; x_wconf 89' lang='lat' dir='ltr'>sciebat</span> <span class='ocrx_word' id='word_1_223' title='bbox 520 1731 638 1772; x_wconf 91' lang='lat' dir='ltr'>enim</span> <span class='ocrx_word' id='word_1_224' title='bbox 657 1727 680 1771; x_wconf 75' lang='lat' dir='ltr'>a</span> <span class='ocrx_word' id='word_1_225' title='bbox 701 1729 906 1773; x_wconf 90' lang='lat' dir='ltr'>Domino</span> <span class='ocrx_word' id='word_1_226' title='bbox 928 1725 1100 1774; x_wconf 61' lang='lat' dir='ltr'>dicfftum</span> <span class='ocrx_word' id='word_1_227' title='bbox 1137 1746 1148 1774; x_wconf 92' lang='lat'>:</span> <span class='ocrx_word' id='word_1_228' title='bbox 1183 1731 1253 1775; x_wconf 85' lang='lat' dir='ltr'>Ex</span> <span class='ocrx_word' id='word_1_229' title='bbox 1272 1730 1414 1777; x_wconf 86' lang='lat' dir='ltr'>verbis</span> <span class='ocrx_word' id='word_1_230' title='bbox 1434 1737 1518 1778; x_wconf 91' lang='lat' dir='ltr'>tuis</span> <span class='ocrx_word' id='word_1_231' title='bbox 1530 1731 1676 1792; x_wconf 85' lang='lat' dir='ltr'>justifi-</span> 
     </span>
     <span class='ocr_line' id='line_1_24' title="bbox 192 1791 1678 1861; baseline 0.003 -19"><span class='ocrx_word' id='word_1_232' title='bbox 192 1795 355 1842; x_wconf 82' lang='lat' dir='ltr'>caberis</span> <span class='ocrx_word' id='word_1_233' title='bbox 364 1827 376 1846; x_wconf 90' lang='lat'>‚</span> <span class='ocrx_word' id='word_1_234' title='bbox 391 1799 438 1839; x_wconf 72' lang='grc' dir='ltr'>δε</span> <span class='ocrx_word' id='word_1_235' title='bbox 448 1811 502 1839; x_wconf 84' lang='lat' dir='ltr'>ex</span> <span class='ocrx_word' id='word_1_236' title='bbox 513 1791 654 1841; x_wconf 85' lang='lat' dir='ltr'>verbis</span> <span class='ocrx_word' id='word_1_237' title='bbox 666 1797 750 1839; x_wconf 89' lang='lat' dir='ltr'>tuis</span> <span class='ocrx_word' id='word_1_238' title='bbox 760 1791 1131 1841; x_wconf 89' lang='lat' dir='ltr'>condemnaberis.</span> <span class='ocrx_word' id='word_1_239' title='bbox 1178 1794 1303 1843; x_wconf 85' lang='lat' dir='ltr'>Unde</span> <span class='ocrx_word' id='word_1_240' title='bbox 1311 1802 1471 1861; x_wconf 82' lang='lat' dir='ltr'>jugiter</span> <span class='ocrx_word' id='word_1_241' title='bbox 1482 1799 1505 1844; x_wconf 72' lang='lat' dir='ltr'>a</span> <span class='ocrx_word' id='word_1_242' title='bbox 1516 1802 1678 1846; x_wconf 88' lang='lat' dir='ltr'>Domi-</span> 
     </span>
     <span class='ocr_line' id='line_1_25' title="bbox 191 1858 1675 1926; baseline 0.003 -17"><span class='ocrx_word' id='word_1_243' title='bbox 191 1880 254 1910; x_wconf 84' lang='lat' dir='ltr'>no</span> <span class='ocrx_word' id='word_1_244' title='bbox 264 1858 509 1926; x_wconf 87' lang='lat' dir='ltr'>postulabat</span> <span class='ocrx_word' id='word_1_245' title='bbox 528 1877 540 1906; x_wconf 90' lang='lat'>:</span> <span class='ocrx_word' id='word_1_246' title='bbox 568 1863 686 1905; x_wconf 89' lang='lat' dir='ltr'>Pone</span> <span class='ocrx_word' id='word_1_247' title='bbox 695 1862 893 1905; x_wconf 90' lang='lat' dir='ltr'>Domine</span> <span class='ocrx_word' id='word_1_248' title='bbox 904 1858 1146 1907; x_wconf 88' lang='lat' dir='ltr'>custodiam</span> <span class='ocrx_word' id='word_1_249' title='bbox 1159 1866 1226 1907; x_wconf 84' lang='lat' dir='ltr'>ori</span> <span class='ocrx_word' id='word_1_250' title='bbox 1237 1880 1356 1915; x_wconf 90' lang='lat' dir='ltr'>meo,</span> <span class='ocrx_word' id='word_1_251' title='bbox 1370 1867 1413 1910; x_wconf 72' lang='grc' dir='ltr'>δε</span> <span class='ocrx_word' id='word_1_252' title='bbox 1425 1863 1586 1912; x_wconf 84' lang='lat' dir='ltr'>ostium</span> <span class='ocrx_word' id='word_1_253' title='bbox 1598 1872 1675 1913; x_wconf 86' lang='lat' dir='ltr'>cir-</span> 
     </span>
     <span class='ocr_line' id='line_1_26' title="bbox 186 1923 1675 1997; baseline 0.002 -20"><span class='ocrx_word' id='word_1_254' title='bbox 186 1926 453 1977; x_wconf 81' lang='lat' dir='ltr'>cumstantiae</span> <span class='ocrx_word' id='word_1_255' title='bbox 471 1925 590 1973; x_wconf 89' lang='lat' dir='ltr'>labiis</span> <span class='ocrx_word' id='word_1_256' title='bbox 608 1930 728 1972; x_wconf 78' lang='lat' dir='ltr'>meiS.</span> <span class='ocrx_word' id='word_1_257' title='bbox 775 1923 896 1972; x_wconf 84' lang='lat' dir='ltr'>Sedfi</span> <span class='ocrx_word' id='word_1_258' title='bbox 916 1925 1096 1993; x_wconf 79' lang='lat' dir='ltr'>quando</span> <span class='ocrx_word' id='word_1_259' title='bbox 1108 1927 1675 1997; x_wconf 20' lang='lat' dir='ltr'>neceffarioleiloquendum</span> 
     </span>
     <span class='ocr_line' id='line_1_27' title="bbox 188 1991 1673 2057; baseline 0.003 -15"><span class='ocrx_word' id='word_1_260' title='bbox 188 1996 277 2044; x_wconf 91' lang='lat' dir='ltr'>fuit</span> <span class='ocrx_word' id='word_1_261' title='bbox 286 2031 298 2051; x_wconf 92' lang='lat'>,</span> <span class='ocrx_word' id='word_1_262' title='bbox 308 2008 398 2041; x_wconf 89' lang='lat' dir='ltr'>erat</span> <span class='ocrx_word' id='word_1_263' title='bbox 410 1993 520 2039; x_wconf 88' lang='lat' dir='ltr'>illius</span> <span class='ocrx_word' id='word_1_264' title='bbox 531 1991 672 2038; x_wconf 88' lang='lat' dir='ltr'>sermo</span> <span class='ocrx_word' id='word_1_265' title='bbox 682 1991 892 2057; x_wconf 65' lang='lat' dir='ltr'>sapientiae</span> <span class='ocrx_word' id='word_1_266' title='bbox 911 1991 992 2039; x_wconf 90' lang='lat' dir='ltr'>sale</span> <span class='ocrx_word' id='word_1_267' title='bbox 1012 1992 1215 2041; x_wconf 88' lang='lat' dir='ltr'>conditus</span> <span class='ocrx_word' id='word_1_268' title='bbox 1224 2031 1236 2052; x_wconf 90' lang='lat'>‚</span> <span class='ocrx_word' id='word_1_269' title='bbox 1256 1995 1476 2044; x_wconf 82' lang='lat' dir='ltr'>modestus</span> <span class='ocrx_word' id='word_1_270' title='bbox 1488 2031 1501 2049; x_wconf 87' lang='lat'><em>‚</em></span> <span class='ocrx_word' id='word_1_271' title='bbox 1524 1997 1673 2046; x_wconf 89' lang='lat' dir='ltr'>humi-</span> 
     </span>
     <span class='ocr_line' id='line_1_28' title="bbox 190 2057 1674 2127; baseline 0.001 -17"><span class='ocrx_word' id='word_1_272' title='bbox 190 2063 239 2110; x_wconf 87' lang='lat' dir='ltr'>lis</span> <span class='ocrx_word' id='word_1_273' title='bbox 250 2094 264 2115; x_wconf 81' lang='grc'>,</span> <span class='ocrx_word' id='word_1_274' title='bbox 283 2065 328 2108; x_wconf 89' lang='lat'>&amp;</span> <span class='ocrx_word' id='word_1_275' title='bbox 339 2059 393 2108; x_wconf 87' lang='lat' dir='ltr'>ad</span> <span class='ocrx_word' id='word_1_276' title='bbox 405 2057 722 2126; x_wconf 79' lang='lat' dir='ltr'>persuasionem</span> <span class='ocrx_word' id='word_1_277' title='bbox 732 2058 846 2105; x_wconf 88' lang='lat' dir='ltr'>utilis</span> <span class='ocrx_word' id='word_1_278' title='bbox 857 2093 868 2114; x_wconf 94' lang='lat'>,</span> <span class='ocrx_word' id='word_1_279' title='bbox 886 2062 932 2105; x_wconf 73' lang='grc' dir='ltr'>δε</span> <span class='ocrx_word' id='word_1_280' title='bbox 942 2095 954 2115; x_wconf 84' lang='grc'>,</span> <span class='ocrx_word' id='word_1_281' title='bbox 971 2073 1020 2106; x_wconf 93' lang='lat' dir='ltr'>ut</span> <span class='ocrx_word' id='word_1_282' title='bbox 1032 2059 1213 2126; x_wconf 89' lang='lat' dir='ltr'>quidam</span> <span class='ocrx_word' id='word_1_283' title='bbox 1226 2060 1386 2127; x_wconf 84' lang='lat' dir='ltr'>sapiens</span> <span class='ocrx_word' id='word_1_284' title='bbox 1396 2062 1501 2111; x_wconf 89' lang='lat' dir='ltr'>dicit</span> <span class='ocrx_word' id='word_1_285' title='bbox 1510 2100 1521 2121; x_wconf 91' lang='lat'>‚</span> <span class='ocrx_word' id='word_1_286' title='bbox 1540 2070 1584 2112; x_wconf 91' lang='lat' dir='ltr'>in</span> <span class='ocrx_word' id='word_1_287' title='bbox 1599 2065 1674 2112; x_wconf 84' lang='lat' dir='ltr'>ser-</span> 
     </span>
     <span class='ocr_line' id='line_1_29' title="bbox 190 2124 1670 2192; baseline 0.002 -16"><span class='ocrx_word' id='word_1_288' title='bbox 190 2146 328 2177; x_wconf 89' lang='lat' dir='ltr'>mone</span> <span class='ocrx_word' id='word_1_289' title='bbox 339 2126 511 2192; x_wconf 91' lang='lat' dir='ltr'>pondus</span> <span class='ocrx_word' id='word_1_290' title='bbox 521 2162 533 2182; x_wconf 91' lang='lat'>,</span> <span class='ocrx_word' id='word_1_291' title='bbox 543 2139 635 2192; x_wconf 80' lang='lat' dir='ltr'>atq3</span> <span class='ocrx_word' id='word_1_292' title='bbox 645 2130 689 2171; x_wconf 90' lang='lat' dir='ltr'>in</span> <span class='ocrx_word' id='word_1_293' title='bbox 702 2124 843 2173; x_wconf 87' lang='lat' dir='ltr'>verbis</span> <span class='ocrx_word' id='word_1_294' title='bbox 855 2124 1030 2178; x_wconf 74' lang='lat' dir='ltr'>modus.</span> <span class='ocrx_word' id='word_1_295' title='bbox 1089 2127 1286 2191; x_wconf 77' lang='lat' dir='ltr'>Quando</span> <span class='ocrx_word' id='word_1_296' title='bbox 1296 2131 1403 2177; x_wconf 79' lang='lat' dir='ltr'>vero</span> <span class='ocrx_word' id='word_1_297' title='bbox 1416 2131 1615 2179; x_wconf 89' lang='lat' dir='ltr'>membra</span> <span class='ocrx_word' id='word_1_298' title='bbox 1624 2137 1670 2179; x_wconf 87' lang='lat' dir='ltr'>in</span> 
     </span>
     <span class='ocr_line' id='line_1_30' title="bbox 190 2190 1670 2264; baseline 0.002 -21"><span class='ocrx_word' id='word_1_299' title='bbox 190 2200 276 2244; x_wconf 91' lang='lat' dir='ltr'>Dei</span> <span class='ocrx_word' id='word_1_300' title='bbox 287 2195 459 2242; x_wconf 88' lang='lat' dir='ltr'>servitio</span> <span class='ocrx_word' id='word_1_301' title='bbox 469 2192 654 2257; x_wconf 82' lang='lat' dir='ltr'>fatigata</span> <span class='ocrx_word' id='word_1_302' title='bbox 664 2191 826 2238; x_wconf 80' lang='lat' dir='ltr'>necesse</span> <span class='ocrx_word' id='word_1_303' title='bbox 837 2190 990 2238; x_wconf 89' lang='lat' dir='ltr'>habuit</span> <span class='ocrx_word' id='word_1_304' title='bbox 999 2197 1146 2259; x_wconf 91' lang='lat' dir='ltr'>quiete</span> <span class='ocrx_word' id='word_1_305' title='bbox 1155 2194 1298 2264; x_wconf 85' lang='lat' dir='ltr'>aliqua</span> <span class='ocrx_word' id='word_1_306' title='bbox 1319 2215 1509 2245; x_wconf 89' lang='lat' dir='ltr'>recreare</span> <span class='ocrx_word' id='word_1_307' title='bbox 1528 2231 1542 2251; x_wconf 89' lang='lat'><em>‚</em></span> <span class='ocrx_word' id='word_1_308' title='bbox 1577 2216 1670 2246; x_wconf 91' lang='lat' dir='ltr'>non</span> 
     </span>
     <span class='ocr_line' id='line_1_31' title="bbox 191 2258 1666 2331; baseline 0.002 -21"><span class='ocrx_word' id='word_1_309' title='bbox 191 2263 334 2310; x_wconf 92' lang='lat' dir='ltr'>hocin</span> <span class='ocrx_word' id='word_1_310' title='bbox 345 2261 597 2327; x_wconf 90' lang='lat' dir='ltr'>plumarum</span> <span class='ocrx_word' id='word_1_311' title='bbox 606 2258 795 2305; x_wconf 88' lang='lat' dir='ltr'>mollitie</span> <span class='ocrx_word' id='word_1_312' title='bbox 814 2295 826 2315; x_wconf 93' lang='lat'>,</span> <span class='ocrx_word' id='word_1_313' title='bbox 859 2258 927 2305; x_wconf 88' lang='lat' dir='ltr'>sed</span> <span class='ocrx_word' id='word_1_314' title='bbox 939 2258 1228 2326; x_wconf 87' lang='lat' dir='ltr'>subterpofito</span> <span class='ocrx_word' id='word_1_315' title='bbox 1240 2262 1426 2327; x_wconf 84' lang='lat' dir='ltr'>psiathio</span> <span class='ocrx_word' id='word_1_316' title='bbox 1445 2300 1458 2321; x_wconf 87' lang='lat'>,</span> <span class='ocrx_word' id='word_1_317' title='bbox 1496 2279 1640 2331; x_wconf 90' lang='lat' dir='ltr'>tapete</span> <span class='ocrx_word' id='word_1_318' title='bbox 1650 2298 1666 2318; x_wconf 90' lang='lat'><em>,</em></span> 
     </span>
     <span class='ocr_line' id='line_1_32' title="bbox 190 2324 1667 2393; baseline 0.003 -18"><span class='ocrx_word' id='word_1_319' title='bbox 190 2327 263 2377; x_wconf 91' lang='lat' dir='ltr'>vel</span> <span class='ocrx_word' id='word_1_320' title='bbox 275 2327 551 2393; x_wconf 82' lang='lat' dir='ltr'>sago,parum</span> <span class='ocrx_word' id='word_1_321' title='bbox 563 2324 670 2393; x_wconf 86' lang='lat' dir='ltr'>quid</span> <span class='ocrx_word' id='word_1_322' title='bbox 682 2324 934 2390; x_wconf 80' lang='lat' dir='ltr'>indulgebat</span> <span class='ocrx_word' id='word_1_323' title='bbox 943 2324 1111 2373; x_wconf 90' lang='lat' dir='ltr'>somno.</span> <span class='ocrx_word' id='word_1_324' title='bbox 1180 2331 1239 2375; x_wconf 87' lang='lat' dir='ltr'>Et</span> <span class='ocrx_word' id='word_1_325' title='bbox 1250 2343 1299 2376; x_wconf 93' lang='lat' dir='ltr'>ut</span> <span class='ocrx_word' id='word_1_326' title='bbox 1310 2328 1529 2378; x_wconf 79' lang='lat' dir='ltr'>brevitatiS</span> <span class='ocrx_word' id='word_1_327' title='bbox 1542 2350 1667 2379; x_wconf 91' lang='lat' dir='ltr'>com-</span> 
     </span>
     <span class='ocr_line' id='line_1_33' title="bbox 187 2391 1664 2462; baseline 0.003 -21"><span class='ocrx_word' id='word_1_328' title='bbox 187 2393 350 2462; x_wconf 88' lang='lat' dir='ltr'>pendio</span> <span class='ocrx_word' id='word_1_329' title='bbox 370 2408 467 2441; x_wconf 88' lang='lat' dir='ltr'>utar</span> <span class='ocrx_word' id='word_1_330' title='bbox 485 2427 499 2446; x_wconf 92' lang='lat'>,</span> <span class='ocrx_word' id='word_1_331' title='bbox 545 2392 601 2439; x_wconf 81' lang='lat' dir='ltr'>sic</span> <span class='ocrx_word' id='word_1_332' title='bbox 618 2394 803 2439; x_wconf 80' lang='lat' dir='ltr'>exterius</span> <span class='ocrx_word' id='word_1_333' title='bbox 821 2392 999 2457; x_wconf 83' lang='lat' dir='ltr'>gerebat</span> <span class='ocrx_word' id='word_1_334' title='bbox 1017 2391 1218 2441; x_wconf 88' lang='lat' dir='ltr'>officium</span> <span class='ocrx_word' id='word_1_335' title='bbox 1238 2394 1467 2444; x_wconf 85' lang='lat' dir='ltr'>sacerdotis</span> <span class='ocrx_word' id='word_1_336' title='bbox 1483 2433 1495 2455; x_wconf 90' lang='lat'>‚</span> <span class='ocrx_word' id='word_1_337' title='bbox 1528 2412 1579 2445; x_wconf 90' lang='lat' dir='ltr'>ut</span> <span class='ocrx_word' id='word_1_338' title='bbox 1598 2404 1664 2445; x_wconf 91' lang='lat' dir='ltr'>in-</span> 
     </span>
     <span class='ocr_line' id='line_1_34' title="bbox 187 2458 1663 2525; baseline 0.003 -17"><span class='ocrx_word' id='word_1_339' title='bbox 187 2467 322 2509; x_wconf 90' lang='lat' dir='ltr'>terius</span> <span class='ocrx_word' id='word_1_340' title='bbox 334 2479 426 2508; x_wconf 92' lang='lat' dir='ltr'>non</span> <span class='ocrx_word' id='word_1_341' title='bbox 438 2465 666 2507; x_wconf 90' lang='lat' dir='ltr'>omitteret</span> <span class='ocrx_word' id='word_1_342' title='bbox 675 2459 933 2525; x_wconf 83' lang='lat' dir='ltr'>religionem</span> <span class='ocrx_word' id='word_1_343' title='bbox 945 2458 1191 2508; x_wconf 70' lang='lat' dir='ltr'>monasticae</span> <span class='ocrx_word' id='word_1_344' title='bbox 1200 2462 1663 2512; x_wconf 66' lang='lat' dir='ltr'>conversationisErat</span> 
     </span>
     <span class='ocr_line' id='line_1_35' title="bbox 186 2525 1663 2594; baseline 0.001 -18"><span class='ocrx_word' id='word_1_345' title='bbox 186 2534 320 2576; x_wconf 87' lang='lat' dir='ltr'>etiarn</span> <span class='ocrx_word' id='word_1_346' title='bbox 330 2533 368 2574; x_wconf 90' lang='lat' dir='ltr'>ei</span> <span class='ocrx_word' id='word_1_347' title='bbox 377 2526 601 2574; x_wconf 89' lang='lat' dir='ltr'>moderata</span> <span class='ocrx_word' id='word_1_348' title='bbox 612 2525 813 2573; x_wconf 90' lang='lat' dir='ltr'>ciborum</span> <span class='ocrx_word' id='word_1_349' title='bbox 825 2531 1004 2592; x_wconf 89' lang='lat' dir='ltr'>parcitas</span> <span class='ocrx_word' id='word_1_350' title='bbox 1036 2562 1049 2583; x_wconf 88' lang='lat'>‚</span> <span class='ocrx_word' id='word_1_351' title='bbox 1094 2544 1144 2573; x_wconf 92' lang='lat' dir='ltr'>ac</span> <span class='ocrx_word' id='word_1_352' title='bbox 1155 2526 1335 2594; x_wconf 88' lang='lat' dir='ltr'>quidam</span> <span class='ocrx_word' id='word_1_353' title='bbox 1354 2528 1578 2594; x_wconf 82' lang='lat' dir='ltr'>singularis</span> <span class='ocrx_word' id='word_1_354' title='bbox 1588 2531 1663 2578; x_wconf 88' lang='lat' dir='ltr'>ab-</span> 
     </span>
     <span class='ocr_line' id='line_1_36' title="bbox 187 2592 1659 2660; baseline 0.001 -17"><span class='ocrx_word' id='word_1_355' title='bbox 187 2595 393 2643; x_wconf 85' lang='lat' dir='ltr'>stinentiae</span> <span class='ocrx_word' id='word_1_356' title='bbox 413 2592 595 2649; x_wconf 86' lang='lat' dir='ltr'>modus,</span> <span class='ocrx_word' id='word_1_357' title='bbox 614 2610 707 2660; x_wconf 92' lang='lat' dir='ltr'>quo</span> <span class='ocrx_word' id='word_1_358' title='bbox 718 2592 879 2640; x_wconf 91' lang='lat' dir='ltr'>solebat</span> <span class='ocrx_word' id='word_1_359' title='bbox 890 2592 1086 2659; x_wconf 83' lang='lat' dir='ltr'>religiosa</span> <span class='ocrx_word' id='word_1_360' title='bbox 1104 2607 1195 2641; x_wconf 89' lang='lat' dir='ltr'>arte</span> <span class='ocrx_word' id='word_1_361' title='bbox 1207 2593 1352 2642; x_wconf 92' lang='lat' dir='ltr'>secum</span> <span class='ocrx_word' id='word_1_362' title='bbox 1372 2602 1659 2646; x_wconf 87' lang='lat' dir='ltr'>convivantes</span> 
     </span>
     <span class='ocr_line' id='line_1_37' title="bbox 186 2660 1661 2728; baseline 0.002 -19"><span class='ocrx_word' id='word_1_363' title='bbox 186 2666 516 2710; x_wconf 77' lang='lat' dir='ltr'>circumvenire.</span> <span class='ocrx_word' id='word_1_364' title='bbox 562 2663 720 2725; x_wconf 85' lang='lat' dir='ltr'>Saepius</span> <span class='ocrx_word' id='word_1_365' title='bbox 731 2665 847 2707; x_wconf 91' lang='lat' dir='ltr'>enim</span> <span class='ocrx_word' id='word_1_366' title='bbox 865 2660 1126 2726; x_wconf 89' lang='lat' dir='ltr'>sperantibus</span> <span class='ocrx_word' id='word_1_367' title='bbox 1143 2697 1156 2718; x_wconf 90' lang='lat'>,</span> <span class='ocrx_word' id='word_1_368' title='bbox 1189 2661 1314 2728; x_wconf 91' lang='lat' dir='ltr'>quod</span> <span class='ocrx_word' id='word_1_369' title='bbox 1331 2663 1526 2711; x_wconf 89' lang='lat' dir='ltr'>cumillis</span> <span class='ocrx_word' id='word_1_370' title='bbox 1537 2682 1661 2712; x_wconf 89' lang='lat' dir='ltr'>man-</span> 
     </span>
     <span class='ocr_line' id='line_1_38' title="bbox 184 2726 1658 2795; baseline 0.002 -19"><span class='ocrx_word' id='word_1_371' title='bbox 184 2729 365 2776; x_wconf 88' lang='lat' dir='ltr'>ducaret</span> <span class='ocrx_word' id='word_1_372' title='bbox 380 2762 394 2781; x_wconf 93' lang='lat'>,</span> <span class='ocrx_word' id='word_1_373' title='bbox 429 2727 514 2794; x_wconf 91' lang='lat' dir='ltr'>ipse</span> <span class='ocrx_word' id='word_1_374' title='bbox 533 2727 673 2774; x_wconf 90' lang='lat' dir='ltr'>ablata</span> <span class='ocrx_word' id='word_1_375' title='bbox 694 2726 930 2775; x_wconf 88' lang='lat' dir='ltr'>carnalium</span> <span class='ocrx_word' id='word_1_376' title='bbox 948 2728 1176 2794; x_wconf 89' lang='lat' dir='ltr'>epularum</span> <span class='ocrx_word' id='word_1_377' title='bbox 1197 2727 1343 2776; x_wconf 88' lang='lat' dir='ltr'>mensa</span> <span class='ocrx_word' id='word_1_378' title='bbox 1361 2728 1537 2795; x_wconf 84' lang='lat' dir='ltr'>surgens</span> <span class='ocrx_word' id='word_1_379' title='bbox 1557 2767 1569 2787; x_wconf 90' lang='lat'>,</span> <span class='ocrx_word' id='word_1_380' title='bbox 1603 2730 1658 2779; x_wconf 92' lang='lat' dir='ltr'>ad</span> 
     </span>
     <span class='ocr_line' id='line_1_39' title="bbox 183 2793 1656 2861; baseline 0.001 -18"><span class='ocrx_word' id='word_1_381' title='bbox 183 2794 406 2843; x_wconf 76' lang='lat' dir='ltr'>ecclesiam</span> <span class='ocrx_word' id='word_1_382' title='bbox 416 2800 615 2861; x_wconf 83' lang='lat' dir='ltr'>perrexit,</span> <span class='ocrx_word' id='word_1_383' title='bbox 629 2793 855 2842; x_wconf 81' lang='lat' dir='ltr'>Miffarum</span> <span class='ocrx_word' id='word_1_384' title='bbox 866 2793 1054 2842; x_wconf 90' lang='lat' dir='ltr'>solennia</span> <span class='ocrx_word' id='word_1_385' title='bbox 1067 2794 1310 2843; x_wconf 90' lang='lat' dir='ltr'>celebravit.</span> <span class='ocrx_word' id='word_1_386' title='bbox 1377 2796 1656 2845; x_wconf 87' lang='lat' dir='ltr'>Undeadhuc</span> 
     </span>
     <span class='ocr_line' id='line_1_40' title="bbox 219 2861 1656 2932; baseline 0.001 -22"><span class='ocrx_word' id='word_1_387' title='bbox 219 2861 306 2910; x_wconf 84' lang='lat' dir='ltr'>uafi</span> <span class='ocrx_word' id='word_1_388' title='bbox 318 2868 477 2910; x_wconf 90' lang='lat' dir='ltr'>recenti</span> <span class='ocrx_word' id='word_1_389' title='bbox 486 2861 537 2909; x_wconf 87' lang='lat' dir='ltr'>fit</span> <span class='ocrx_word' id='word_1_390' title='bbox 547 2861 696 2909; x_wconf 61' lang='lat' dir='ltr'>astum</span> <span class='ocrx_word' id='word_1_391' title='bbox 707 2868 922 2909; x_wconf 89' lang='lat' dir='ltr'>memoria</span> <span class='ocrx_word' id='word_1_392' title='bbox 933 2898 945 2919; x_wconf 90' lang='lat'>,</span> <span class='ocrx_word' id='word_1_393' title='bbox 956 2880 1033 2909; x_wconf 92' lang='lat' dir='ltr'>ore</span> <span class='ocrx_word' id='word_1_394' title='bbox 1042 2862 1290 2909; x_wconf 90' lang='lat' dir='ltr'>multorum</span> <span class='ocrx_word' id='word_1_395' title='bbox 1301 2862 1507 2916; x_wconf 89' lang='lat' dir='ltr'>refertur,</span> <span class='ocrx_word' id='word_1_396' title='bbox 1530 2865 1656 2932; x_wconf 90' lang='lat' dir='ltr'>quod</span> 
     </span>
     <span class='ocr_line' id='line_1_41' title="bbox 184 2882 1653 2997; baseline 0.001 -20"><span class='ocrx_word' id='word_1_397' title='bbox 184 2882 295 2977; x_wconf 58' lang='lat' dir='ltr'>dum</span> <span class='ocrx_word' id='word_1_398' title='bbox 326 2927 516 2997; x_wconf 88' lang='lat' dir='ltr'>quadam</span> <span class='ocrx_word' id='word_1_399' title='bbox 546 2927 614 2975; x_wconf 91' lang='lat' dir='ltr'>die</span> <span class='ocrx_word' id='word_1_400' title='bbox 632 2926 717 2993; x_wconf 90' lang='lat' dir='ltr'>ipse</span> <span class='ocrx_word' id='word_1_401' title='bbox 747 2928 1013 2976; x_wconf 89' lang='lat' dir='ltr'>venerandus</span> <span class='ocrx_word' id='word_1_402' title='bbox 1038 2943 1159 2994; x_wconf 89' lang='lat' dir='ltr'>pater</span> <span class='ocrx_word' id='word_1_403' title='bbox 1187 2946 1291 2976; x_wconf 91' lang='lat' dir='ltr'>cum</span> <span class='ocrx_word' id='word_1_404' title='bbox 1322 2930 1531 2978; x_wconf 89' lang='lat' dir='ltr'>Conrado</span> <span class='ocrx_word' id='word_1_405' title='bbox 1542 2930 1653 2981; x_wconf 87' lang='lat' dir='ltr'>divae</span> 
     </span>
     <span class='ocr_line' id='line_1_42' title="bbox 184 2993 1655 3064; baseline 0.002 -20"><span class='ocrx_word' id='word_1_406' title='bbox 184 3000 411 3044; x_wconf 65' lang='lat' dir='ltr'>memoriae</span> <span class='ocrx_word' id='word_1_407' title='bbox 424 2993 758 3042; x_wconf 85' lang='lat' dir='ltr'>Constantienfis</span> <span class='ocrx_word' id='word_1_408' title='bbox 775 2994 957 3043; x_wconf 84' lang='lat' dir='ltr'>ecclefiae</span> <span class='ocrx_word' id='word_1_409' title='bbox 972 2994 1192 3060; x_wconf 86' lang='lat' dir='ltr'>Episcopo</span> <span class='ocrx_word' id='word_1_410' title='bbox 1202 3032 1214 3051; x_wconf 88' lang='lat'>,</span> <span class='ocrx_word' id='word_1_411' title='bbox 1234 2995 1288 3044; x_wconf 90' lang='lat' dir='ltr'>ad</span> <span class='ocrx_word' id='word_1_412' title='bbox 1297 2996 1526 3062; x_wconf 88' lang='lat' dir='ltr'>prandium</span> <span class='ocrx_word' id='word_1_413' title='bbox 1536 2998 1655 3064; x_wconf 91' lang='lat' dir='ltr'>apud</span> 
     </span>
     <span class='ocr_line' id='line_1_43' title="bbox 185 3060 1654 3132; baseline 0.001 -22"><span class='ocrx_word' id='word_1_414' title='bbox 185 3064 375 3110; x_wconf 67' lang='lat' dir='ltr'>san6&#39;tam</span> <span class='ocrx_word' id='word_1_415' title='bbox 386 3061 541 3109; x_wconf 83' lang='lat' dir='ltr'>Afram</span> <span class='ocrx_word' id='word_1_416' title='bbox 560 3075 800 3126; x_wconf 90' lang='lat' dir='ltr'>martyrem</span> <span class='ocrx_word' id='word_1_417' title='bbox 821 3060 1069 3110; x_wconf 80' lang='lat' dir='ltr'>consedisset</span> <span class='ocrx_word' id='word_1_418' title='bbox 1091 3079 1103 3107; x_wconf 92' lang='lat'>:</span> <span class='ocrx_word' id='word_1_419' title='bbox 1133 3061 1364 3132; x_wconf 87' lang='lat' dir='ltr'>postquam</span> <span class='ocrx_word' id='word_1_420' title='bbox 1384 3064 1654 3131; x_wconf 86' lang='lat' dir='ltr'>consumptis</span> 
     </span>
     <span class='ocr_line' id='line_1_44' title="bbox 185 3127 1651 3199; baseline 0 -21"><span class='ocrx_word' id='word_1_421' title='bbox 185 3130 287 3179; x_wconf 84' lang='lat' dir='ltr'>cibis</span> <span class='ocrx_word' id='word_1_422' title='bbox 295 3130 349 3179; x_wconf 90' lang='lat' dir='ltr'>ab</span> <span class='ocrx_word' id='word_1_423' title='bbox 359 3135 552 3198; x_wconf 88' lang='lat' dir='ltr'>utrisque</span> <span class='ocrx_word' id='word_1_424' title='bbox 563 3127 782 3178; x_wconf 80' lang='lat' dir='ltr'>discessum</span> <span class='ocrx_word' id='word_1_425' title='bbox 792 3129 851 3178; x_wconf 89' lang='lat' dir='ltr'>est</span> <span class='ocrx_word' id='word_1_426' title='bbox 859 3164 873 3184; x_wconf 92' lang='lat'><em>,</em></span> <span class='ocrx_word' id='word_1_427' title='bbox 894 3127 1091 3197; x_wconf 84' lang='lat' dir='ltr'>quaedam</span> <span class='ocrx_word' id='word_1_428' title='bbox 1101 3128 1222 3176; x_wconf 74' lang='lat' dir='ltr'>caula</span> <span class='ocrx_word' id='word_1_429' title='bbox 1231 3135 1396 3190; x_wconf 85' lang='lat' dir='ltr'>extitit,</span> <span class='ocrx_word' id='word_1_430' title='bbox 1406 3149 1492 3199; x_wconf 91' lang='lat' dir='ltr'>qua</span> <span class='ocrx_word' id='word_1_431' title='bbox 1500 3131 1651 3199; x_wconf 79' lang='lat' dir='ltr'>praedi-</span> 
     </span>
    </p>
   </div>
   <div class='ocr_carea' id='block_1_5' title="bbox 1129 3195 1650 3246">
    <p class='ocr_par' dir='ltr' id='par_1_5' title="bbox 1129 3195 1650 3246">
     <span class='ocr_line' id='line_1_45' title="bbox 1129 3195 1650 3246; baseline 0.002 -1"><span class='ocrx_word' id='word_1_432' title='bbox 1129 3195 1230 3245; x_wconf 84' lang='lat' dir='ltr'>Fff</span> <span class='ocrx_word' id='word_1_433' title='bbox 1553 3199 1650 3246; x_wconf 73' lang='lat' dir='ltr'>&lt;stus</span> 
     </span>
    </p>
   </div>
  </div>
 </body>
</html>
