2260 3454
343 1703 422 1747 Cap.
432 1708 465 1742 7.

538 203 629 252 602
1009 201 1155 238 VITA
1190 201 1228 235 s.
1267 186 1562 234 [I'DALRJCI

536 285 631 330 <stus
651 269 850 343 pontifex
867 273 917 320 ad
931 277 1077 321 virum
1097 275 1180 317 Dei
1200 277 1373 316 mittere
1383 268 1603 314 debuisset.
1650 266 1721 312 Ad
1733 285 1867 332 quem
1881 270 2012 315 cum-2

536 350 703 396 leuatus
714 341 839 407 ipfius
850 337 1212 390 veni‘sset,invenit
1221 353 1324 382 eum
1337 334 1453 381 sacro
1462 335 1580 381 altari
1591 331 1896 388 adstantem,ac
1905 333 2013 381 salu-

533 398 670 461 tarem
683 408 868 457 hostiam
880 411 1083 453 Domino
1096 402 1417 450 immolantem.
1465 403 1573 462 Qlo
1585 400 1763 465 peraesto
1776 436 1787 455 ,
1799 405 2015 447 nuncium

533 478 701 528 audivit
720 510 732 528 ‚
767 489 898 540 atque
917 471 1168 520 absolutum
1188 467 1324 514 redire
1341 465 1394 513 ad
1408 471 1660 514 Dominum
1671 466 1793 512 suum
1808 467 2012 532 permisit.

534 542 704 609 Cumss
716 540 903 589 reversus
915 545 1253 601 interrogaretur
1263 567 1276 586 ,
1298 551 1375 580 cur
1387 532 1554 580 tamdiu
1566 547 1763 579 moratus
1776 532 1937 585 sufflet,
1949 552 2015 580 re·

534 611 825 676 spondit,quia
835 612 980 653 virum
994 608 1077 650 Dei
1090 600 1239 648 tandiu
1261 598 1518 664 expee'tasset
1528 636 1540 656 ‚
1559 599 1701 646 donec
1712 613 1776 647 ter
1786 599 2016 648 Miffarum
2055 638 2057 640 »

535 679 725 727 solennia
735 671 968 739 peregisset.
1016 673 1075 715 At
1086 668 1155 714 ille
1165 666 1304 732 ipsum
1315 665 1501 712 verbum
1511 665 1564 712 ab
1574 665 1684 713 illius
1694 683 1770 712 ore
1786 671 1989 731 arripiens
1998 684 2013 714 ε

537 745 635 792 Misi
639 745 680 789 {ir
687 760 775 796 um,
787 743 930 804 inquit
941 773 952 791 ,
964 735 1151 781 solennia
1163 733 1396 779 celebravit
1428 732 1442 778 ἓ
1482 735 1612 779 Tunc
1623 731 1741 798 quasi
1753 732 2013 779 subridendo

535 810 682 859 intulit
718 827 729 853 :
766 809 822 852 Et
843 805 943 850 vere
960 800 1103 847 nullus
1122 800 1200 846 illo
1221 798 1399 845 saturior
1420 797 1472 845 ad
1499 796 1693 844 mensam
1711 797 1851 844 altaris
1880 798 2016 846 hodie

535 874 714 925 accessit.
783 869 863 917 Sed
874 883 1129 915 utrumnam
1149 871 1252 925 joco
1264 898 1276 916 ,
1299 882 1353 911 an
1363 863 1468 910 serio
1488 863 1578 910 hoc
1589 865 1822 928 protulerit
1832 897 1844 916 ,
1865 878 2015 914 tamen

534 958 691 990 verum
702 938 786 985 fuit
796 970 808 989 ‚
829 933 951 1002 quod
963 933 1082 980 dixit.
1140 932 1318 978 cibavit
1329 947 1522 1003 namque
1532 934 1755 978 Dominus
1765 930 1888 978 illum
1903 949 2013 996 pane

535 1014 633 1056 vita:
646 1009 688 1051 ὃς
710 1003 950 1050 intellecstus
971 1036 982 1056 ,
1019 1003 1063 1045 &
1075 1016 1188 1065 aqua
1212 997 1424 1062 sapientiae
1445 995 1634 1043 salutaris
1653 1002 1824 1061 potavit
1834 997 1987 1044 illum)
1999 1034 2013 1055 ,

534 1081 651 1122 itaut
661 1071 774 1117 reoie
785 1086 888 1116 cum
902 1065 1114 1113 Psalmista
1134 1064 1264 1131 poffit
1276 1063 1546 1129 proclamare
1560 1067 1603 1110 &
1618 1062 1758 1110 dicere
1785 1080 1797 1108 ε
1828 1065 2014 1111 Εῑιιθίει-

534 1146 598 1187 vit
611 1156 686 1186 cor
699 1154 850 1183 meum
860 1134 1048 1181 verbum
1068 1131 1239 1178 bonurn
1262 1164 1274 1183 ,
1318 1134 1535 1176 &iterum
1558 1149 1568 1176 ε
1588 1133 1646 1177 Et
1656 1130 1870 1195 poculum
1881 1145 2013 1179 tuum

532 1206 747 1254 inebrians
792 1204 893 1249 uam
915 1199 1166 1266 praeclarurn
1177 1197 1234 1244 est
1262 1198 1276 1242 ?
1305 1201 1410 1243 Vox
1421 1196 1666 1262 psalmodiae
1677 1212 1766 1243 tam
1787 1202 1899 1262 jugis
1911 1203 1954 1244 in
1965 1197 2012 1244 il-

532 1274 613 1320 lius
624 1289 699 1317 ore
709 1222 890 1315 dtilciter
902 1265 1121 1313 resonabat
1132 1297 1142 1316 ,
1162 1279 1212 1311 ut
1223 1282 1312 1310 non
1324 1263 1349 1309 s
1342 1264 1465 1309 olum
1480 1262 1577 1328 ipse,
1589 1262 1657 1310 sed
1671 1268 1713 1309 &
1724 1262 1805 1320 illi,
1825 1269 1902 1330 qui
1913 1281 2012 1312 eam.

533 1339 645 1386 soliti
657 1350 776 1383 erant
787 1353 890 1382 cum
901 1334 976 1380 illo
989 1349 1095 1399 pura
1108 1336 1266 1378 mentis
1278 1335 1522 1377 intentione
1535 1345 1718 1386 cantare,
1732 1344 1898 1377 tantam
1911 1349 2013 1378 cor-

530 1406 595 1453 dis
610 1401 873 1451 munditiam
886 1419 938 1447 ex
948 1418 996 1446 ea
1006 1404 1286 1463 conciperent
1302 1431 1314 1448 ‚
1342 1410 1392 1442 ut
1402 1395 1601 1462 quaedam
1616 1415 1668 1443 ex
1678 1396 1941 1444 revelatione
1951 1397 2014 1444 di-

531 1478 634 1519 vina
644 1469 818 1517 occulta
829 1466 1156 1532 cognoscerent,
1170 1482 1264 1530 qua:
1276 1463 1362 1508 aliis
1374 1462 1705 1510 manifestarent.
1726 1462 1852 1510 Unde
1863 1481 2012 1511 exem-

532 1538 592 1603 pli
605 1535 725 1583 causa
735 1533 934 1603 quaedam
943 1531 1486 1596 subternotab0‚quatenus
1500 1546 1600 1576 vera
1611 1529 1689 1576 else
1700 1529 2012 1595 approbentur,

535 1622 632 1671 quat
643 1603 757 1650 dico.

648 1667 859 1730 Qiodam
872 1681 1073 1730 tempore
1085 1683 1188 1712 cum
1201 1661 1382 1712 artifices
1393 1663 1576 1712 ecclefiae
1590 1679 1789 1730 cryptam
1802 1669 1843 1710 in
1856 1664 2013 1711 melius

537 1753 728 1802 reparare
739 1734 913 1784 vellent,
927 1745 1016 1778 erat
1027 1731 1206 1798 quidam
1218 1731 1395 1777 clericus
1404 1737 1585 1778 nomine
1594 1730 1869 1783 Rambertus‚
1882 1729 2015 1778 saneti

536 1800 729 1851 viriobse
765 1804 839 1846 uio
859 1798 1039 1845 deditus.
1108 1798 1196 1844 Hic
1208 1797 1397 1864 quadam
1419 1797 1487 1844 die
1499 1804 1543 1844 in
1555 1797 1722 1844 excess‘u
1740 1802 1897 1843 mentis
1909 1796 2015 1843 effe-

538 1819 877 1925 ‹Stuswidgbatur
890 1865 964 1912 fibi
977 1882 1079 1911 cum
1091 1868 1294 1910 Domino
1307 1863 1382 1911 suo
1396 1864 1615 1930 Episcopo
1629 1862 1754 1910 solito
1765 1881 1892 1909 more
1904 1863 2013 1911 Psal-

537 1954 638 1983 mos
651 1951 813 1985 canere,
828 1951 908 1979 nec
917 1949 1006 1978 non
1018 1930 1342 1977 Adalberonem
1353 1931 1596 1998 quondam,
1606 1946 1655 1977 ut
1667 1929 1990 1996 supradiximus
1999 1966 2015 1987 ‚

537 2000 794 2069 pontificem
816 2000 868 2046 ad
887 1997 1206 2065 Aquilonarem
1226 1997 1419 2057 ejusdem
1436 2012 1597 2062 cryptae
1628 1995 1805 2062 plagam
1824 1995 2017 2044 sacerdo-

540 2069 695 2116 talibus
707 2065 911 2113 indutum
922 2064 1106 2112 vestibus
1123 2064 1260 2129 prope
1281 2062 1482 2117 assistere,
1505 2063 1669 2130 sibique
1682 2100 1692 2119 ,
1715 2063 1826 2110 utad
1845 2062 1884 2109 se
1894 2068 2016 2110 veni-

538 2140 812 2187 r'et‚innuere.
880 2137 939 2178 At
952 2131 1020 2178 ille
1030 2145 1178 2177 mente
1188 2129 1402 2196 perculsus
1413 2167 1423 2187 ,
1435 2150 1485 2178 ac
1498 2136 1608 2178 inter
1620 2135 1777 2177 vivum
1791 2133 1835 2176 ὃς
1845 2145 2015 2176 mortu-

539 2220 614 2249 um
629 2200 731 2267 quid
742 2213 888 2264 ageret
900 2232 914 2251 ‚
937 2198 1090 2244 dubius
1104 2201 1148 2243 ὃς
1161 2215 1316 2263 anceps
1327 2233 1339 2253 ,
1357 2197 1535 2244 tandem
1553 2203 1597 2244 in
1619 2202 1840 2245 viventem
1852 2213 2015 2261 pavens

539 2267 637 2333 figit
659 2267 840 2313 obtutus
860 2299 873 2318 ‚
910 2264 1031 2311 velut
1048 2264 1256 2311 sciscitans
1277 2263 1382 2331 quid
1404 2264 1501 2310 esset
1523 2263 1732 2310 faelurus.
1773 2266 1902 2309 Tunc
1915 2265 2014 2327 Epi-

537 2333 691 2400 scopus
709 2352 720 2380 :
738 2338 797 2379 Ut
811 2331 915 2399 quid
927 2368 938 2388 ,
956 2336 1033 2386 ait,
1056 2330 1111 2378 fic
1122 2336 1165 2377 in
1176 2349 1247 2377 me
1258 2330 1413 2377 oculos
1423 2328 1573 2395 defigis
1604 2331 1618 2376 ἓ
1650 2333 1735 2375 Cui
1747 2328 1816 2375 ille
1837 2328 2013 2394 respon-

537 2401 641 2447 dens
651 2435 661 2452 ‚
680 2399 788 2446 dixit
820 2415 831 2443 :
867 2401 979 2444 Ecce
992 2402 1214 2445 Dominus
1232 2413 1354 2444 meus
1367 2397 1586 2444 Adalbero
1598 2395 1836 2462 Episcopus
1847 2395 1897 2442 ad
1907 2395 2012 2443 cele.

536 2467 754 2514 brandum
774 2465 973 2512 divinum
991 2464 1247 2530 mysterium
1265 2478 1433 2530 paratus
1445 2462 1579 2511 adstat
1610 2500 1622 2520 ,
1669 2467 1712 2508 ὃ(
1725 2481 1798 2508 me
1810 2461 1864 2509 ad
1883 2461 1920 2509 se
1932 2480 2012 2510 vo-

540 2549 622 2581 cat.
669 2537 753 2580 Cui
767 2531 1003 2598 Episcopus
1021 2548 1033 2577 .·
1053 2529 1231 2584 Festina,
1244 2535 1406 2597 inquit,
1420 2536 1492 2582 ire,
1505 2529 1681 2596 ejusque
1690 2529 1802 2590 juffis
1813 2535 1855 2575 in
1865 2534 2013 2575 omni-

539 2600 618 2647 bus
630 2599 912 2662 obedireQui
925 2616 1035 2645 mox
1045 2612 1096 2645 ut
1106 2603 1283 2663 propius
1294 2595 1562 2654 acceffit,hec
1572 2597 1625 2643 ab
1637 2614 1689 2643 eo
1699 2595 2010 2643 audivieRam.

543 2665 675 2723 berte,
687 2667 754 2713 dic
767 2671 968 2714 Domino
980 2679 1060 2712 tuo
1071 2700 1083 2722 ,
1096 2670 1198 2732 quia
1208 2680 1414 2728 magnam
1425 2665 1448 2710 a
1461 2668 1662 2710 Domino
1673 2661 1921 2709 mercedem
1933 2661 2009 2709 ha-

542 2731 679 2789 bebit,
699 2752 779 2798 pro
791 2731 1059 2780 orationibus
1070 2749 1120 2778 ac
1133 2729 1412 2795 eleemosynis
1423 2763 1434 2782 ,
1453 2748 1559 2797 quas
1569 2747 1649 2796 pro
1661 2748 1732 2776 me
1742 2727 1922 2776 fideliter
1933 2747 2010 2776 ex-

544 2796 697 2844 hibuit.
731 2802 788 2846 Et
799 2798 886 2846 hoc
899 2798 973 2846 fibi
985 2797 1034 2845 fit
1044 2803 1088 2844 in
1099 2796 1415 2863 fignum,quod
1427 2814 1513 2861 ego
1526 2801 1570 2842 ὃς
1581 2800 1843 2843 Fortunatus
1854 2801 1897 2842 in
1909 2814 2012 2862 pro-

546 2868 665 2909 xima
683 2868 822 2912 Coena
841 2870 1058 2917 Domini,
1093 2862 1359 2910 concedente
1380 2865 1480 2909 Deo
1499 2862 1816 2910 sacrosaiic‘tum
1829 2861 2011 2909 chrisma

549 2946 654 2975 cum
674 2930 746 2976 illo
769 2931 1124 2979 sanfflficabimus
1143 2949 1154 2977 :
1184 2929 1356 2995 Insuper
1370 2927 1596 2977 aedificatio
1616 2929 1730 2976 istius
1741 2943 1901 2994 cryptae
1913 2942 2009 2975 ruet

549 2993 756 3041 citissime.
821 2999 908 3061 Ipse
922 3013 1070 3046 autem
1090 3010 1268 3062 propter
1284 2997 1372 3043 hoc
1390 2996 1443 3043 ab
1464 3004 1640 3062 incepto
1658 3014 1749 3043 non
1776 2994 1941 3043 desistat
1958 3009 2009 3039 0-

550 3078 664 3126 pere,
678 3066 781 3126 quin
792 3061 895 3108 illud
905 3064 1167 3111 firmioribus
1178 3062 1342 3110 studeat
1351 3062 1643 3110 fundamentis
1654 3062 1845 3111 stabilire.
1912 3064 2011 3106 Fra-

554 3142 637 3173 tres
648 3144 827 3192 quoque
844 3127 1077 3194 admonere
1095 3145 1269 3183 curato,
1288 3136 1389 3195 quia
1400 3134 1617 3177 orationes
1629 3166 1639 3186 ,
1662 3148 1766 3197 quas
1779 3128 1849 3174 sua
1860 3126 2010 3192 sponte

554 3192 594 3241 se
606 3192 796 3242 fac'turos
808 3211 887 3258 pro
907 3212 978 3242 me
995 3196 1343 3262 spoponderunt,
1361 3214 1667 3265 nequaquam,
1689 3192 1796 3244 ficut
1805 3192 2011 3260 promise,

1893 3272 2011 3313 runt,
