2260 3454
546 168 648 213 AD
681 168 908 216 VlzROS
937 170 1330 236 JLLHSTRES.
1568 180 1665 239 849

201 247 514 296 humanissimo
524 248 622 303 seni,
647 262 729 295 tuo
740 248 1088 296 nomine‘tradidi
1104 270 1116 304 3
1129 268 1274 318 neque
1284 258 1401 300 enim
1414 259 1575 316 invitus
1590 272 1663 320 pa-

200 320 316 362 tieris
336 329 530 362 veterem
549 318 741 362 amicum
758 318 803 359 in
823 313 953 373 hujus
972 315 1104 379 elogii
1122 325 1491 367 communionem
1515 336 1664 368 tecum

199 387 361 428 venire.
446 385 648 430 Tertium
669 378 977 444 symbolorum
997 394 1180 428 tuorum
1203 397 1380 430 tomum
1390 388 1565 449 gaudeo
1578 394 1666 448 jam

199 447 345 495 lucem
359 447 570 513 spediare,
615 461 728 510 puto
740 445 793 493 de
805 446 953 506 avibus
964 445 1165 494 futurum
1179 484 1190 504 ,
1223 448 1252 495 fi
1267 454 1325 495 ita
1334 448 1391 495 est
1401 484 1413 502 ,
1445 453 1595 500 videfis
1608 471 1668 501 an

198 515 351 582 aquilae
361 518 548 578 geminae
559 513 736 560 draconi
750 510 999 560 insultantes
1008 545 1020 565 ‚
1036 517 1080 560 &
1093 518 1251 563 Dacica
1261 514 1408 562 tabula
1417 518 1472 562 eo
1482 537 1668 584 quoque

198 578 507 628 transferendae
517 612 528 631 ,
547 579 750 644 intelligis
762 584 878 626 enim
891 577 1103 627 Caesarem
1115 584 1159 627 δε
1178 581 1449 629 Bathoreum
1460 588 1504 629 in
1516 589 1675 631 Maho-

199 660 369 693 metem
378 687 380 689 ,
389 660 635 711 pugnantes
649 663 701 692 ea
722 643 858 710 specie
868 645 952 693 defi
955 654 1094 712 gnari.
1164 652 1234 695 De
1243 648 1335 695 filio
1346 663 1426 696 tuo
1439 651 1678 698 Ludovico

197 712 655 765 nihilduminaudivi,
690 730 836 779 neque
845 712 926 760 hac
939 711 1143 761 transiiffe
1161 729 1296 780 puto,
1343 722 1678 783 quamprimum

199 786 290 841 ejus
303 779 548 827 adventum
558 777 752 835 rescierO,
773 779 1045 844 complestar
1061 799 1164 828 eum
1175 797 1467 846 peramanter,
1482 802 1590 831 cum
1602 798 1679 833 tua

198 845 338 894 caussa
349 880 361 901 ,
406 846 515 893 nihil
528 852 647 894 enim
656 845 920 893 humanitati
932 862 1015 895 tuae
1026 866 1119 894 non
1128 847 1269 896 debeo
1280 882 1292 902 ,
1338 864 1437 897 tum
1449 857 1583 899 etiam
1592 850 1678 909 sua,

231 919 361 978 uippe
381 919 460 980 qui
479 918 656 979 egregia
678 911 888 960 doarinae
898 911 1244 982 specimina,quae
1255 916 1370 964 libris
1385 922 1468 964 tuis
1479 917 1678 983 praefixit,

195 932 371 1027 dudum
387 979 721 1028 observaverim.
743 979 813 1028 Cl.
831 984 888 1027 V.
917 980 1177 1029 Conradum
1199 983 1540 1031 Rittershufium
1567 989 1677 1032 ami-

198 1065 304 1094 cum
323 1047 401 1093 tibi
423 1045 503 1092 effe
522 1047 746 1112 intelligo,
791 1049 911 1093 Eum
932 1052 978 1093 in
997 1053 1135 1095 veteri
1149 1067 1299 1100 rerum
1315 1054 1678 1100 Germanicarum

198 1112 375 1162 historia
388 1132 492 1162 cum
507 1131 611 1160 cura
626 1117 671 1160 8<
688 1112 852 1174 judicio
871 1113 1028 1161 versari
1045 1114 1200 1162 dicunt
1219 1134 1231 1161 ε
1275 1117 1415 1164 Valde
1438 1122 1585 1184 itaque
1604 1137 1678 1166 veo

197 1180 274 1227 lim
285 1214 298 1233 ‚
320 1181 443 1247 quod
455 1196 535 1227 tuo
547 1179 793 1228 commodo
805 1178 893 1237 fiat,
913 1198 967 1226 ex
980 1199 1034 1228 eo
1046 1199 1223 1247 quaeras,
1243 1200 1298 1229 an
1308 1184 1332 1229 a
1343 1187 1502 1231 Tacito
1511 1184 1563 1231 ad
1573 1188 1677 1254 Jor-

194 1246 386 1295 nandem
396 1264 553 1312 usque,
573 1264 829 1314 quenquam
841 1264 1041 1311 unquam
1052 1248 1307 1313 scriptorem
1320 1250 1472 1315 legerit
1483 1287 1494 1306 ,
1504 1256 1582 1314 qui
1593 1254 1676 1297 Bo-

197 1319 345 1364 iorum
363 1318 407 1359 in
426 1316 664 1361 Germania
681 1319 952 1371 meminerit,
985 1313 1121 1377 (nam
1141 1314 1359 1363 Ausonius
1377 1320 1421 1362 in
1434 1316 1575 1364 Gallia
1588 1335 1677 1364 me-

193 1380 351 1445 minit)
361 1394 494 1446 atque
505 1380 546 1427 id
559 1380 741 1445 quidem
751 1379 830 1427 suae
840 1379 968 1444 ipsius
978 1386 1110 1428 aetatis
1122 1380 1337 1446 respecstu3
1357 1381 1540 1430 Orosius
1551 1402 1676 1431 nam-

195 1465 300 1513 que,
329 1451 371 1493 &
386 1451 463 1514 qui
475 1453 563 1507 ejus
574 1461 777 1512 praeterea
788 1444 923 1493 claffis
935 1444 1032 1493 sunt
1044 1482 1055 1501 ‚
1080 1445 1370 1495 vetustiorum
1382 1449 1676 1514 exscriptores,

195 1514 304 1560 nihil
316 1530 395 1559 nos
405 1519 574 1572 juvant.
643 1515 717 1557 Sin
731 1512 876 1557 nullus
887 1509 947 1556 est
965 1544 979 1563 ,
1014 1517 1204 1576 gratiam
1218 1517 1257 1558 ei
1272 1531 1481 1578 magnam
1491 1514 1677 1571 debebo,

193 1578 224 1625 fi
235 1578 539 1640 conjeo’turam
558 1576 707 1624 saltem
719 1575 916 1642 aliquam
928 1578 1201 1640 probabilem
1212 1579 1446 1644 protulerit
1460 1617 1471 1637 ,
1507 1580 1583 1628 ubi
1595 1596 1676 1628 ter-

194 1663 340 1694 rarum
351 1647 485 1705 Bojos
496 1661 573 1709 per
582 1657 651 1690 tot
662 1661 800 1690 annos
812 1642 975 1689 latuiffe
987 1643 1213 1696 existimet,
1248 1644 1359 1693 adeo
1372 1645 1550 1713 quidem
1568 1663 1615 1695 ut
1628 1648 1678 1695 il-

194 1713 244 1760 lis
254 1712 362 1759 nihil
373 1727 569 1776 unquam
581 1727 687 1755 cum
700 1711 914 1755 Romanis
923 1714 1093 1773 negotii
1105 1708 1250 1767 fuerit,
1260 1716 1333 1757 vix
1349 1717 1467 1758 enim
1479 1713 1556 1760 alia
1567 1717 1674 1760 Ger-

194 1783 468 1827 manicarum
488 1780 694 1840 gentium
709 1774 800 1834 *ulla
812 1773 870 1821 est
882 1810 894 1831 ,
939 1781 1061 1834 cujus
1079 1782 1122 1821 in
1137 1780 1347 1824 Romanis
1358 1777 1540 1826 historiis
1554 1779 1673 1828 nulla

196 1858 318 1894 extet
335 1846 518 1890 mentio.
587 1847 659 1888 An
677 1838 883 1888 credibile
918 1839 977 1887 est
993 1844 1124 1902 Bojos
1142 1842 1218 1889 sub
1230 1844 1561 1892 alienonomine
1571 1845 1673 1893 deli-

196 1909 341 1960 tuilse?
375 1909 500 1956 facile
512 1906 555 1953 id
565 1906 659 1954 sane
671 1906 809 1964 diolu,
825 1906 895 1954 sed
907 1908 1135 1971 quodnam
1147 1908 1246 1962 fuit,
1261 1914 1306 1956 8<
1321 1929 1417 1974 quae
1431 1917 1522 1971 ejus
1536 1917 1596 1958 rei
1606 1931 1672 1960 ar-

195 1990 411 2046 gumenta
419 1971 665 2038 supersunt?
699 1976 833 2040 Juvet
842 1991 922 2020 nos
933 1973 1094 2039 quaeso,
1115 1989 1158 2021 te
1168 1975 1454 2030 intercessore,
1469 1982 1674 2040 vir,cujus

195 2046 343 2111 politae
355 2040 710 2111 jurisprudentiae
722 2058 793 2087 me
802 2040 960 2093 favere,
970 2055 1137 2090 norunt
1146 2048 1399 2111 omnes‚qui
1409 2061 1481 2090 me
1492 2061 1671 2093 norunt.

196 2110 281 2161 Sed
293 2128 381 2175 ego
391 2111 520 2155 nimis·
532 2104 703 2153 fortaffe
715 2105 946 2172 impudens
958 2140 971 2161 ,
992 2112 1071 2174 qui
1083 2107 1161 2155 tibi
1172 2109 1260 2156 hoc
1271 2116 1413 2157 oneris
1423 2115 1673 2176 imponam,

196 2194 248 2229 ut
259 2175 634 2244 epistolam‚quam
650 2174 673 2218 a
684 2179 926 2238 gratiarum
940 2173 1114 2220 afflione
1122 2180 1239 2241 coepi
1250 2213 1262 2234 ,
1296 2177 1571 2225 excusatione
1581 2177 1672 2226 fini-

197 2265 244 2295 re
271 2239 436 2291 necesse
465 2241 662 2288 habeam.
731 2243 773 2286 Si
793 2239 901 2303 quid
922 2258 997 2286 me
1008 2255 1161 2288 contra
1172 2242 1297 2309 quod
1310 2248 1353 2290 in
1365 2261 1458 2291 rem
1472 2258 1595 2292 tuam
1607 2244 1674 2301 sit,

196 2315 315 2365 scire,
330 2308 446 2377 posse
458 2306 681 2362 existimas,
695 2305 770 2353 etfi
783 2319 968 2373 utraque
979 2311 1023 2352 in
1034 2325 1105 2354 me
1114 2314 1270 2362 tenuia,
1281 2314 1447 2375 impera
1454 2311 1674 2369 audadler,

197 2381 371 2428 homini
393 2371 471 2442 qui
487 2388 562 2422 tua
585 2373 722 2421 caussa
739 2378 888 2419 omnia
909 2378 1042 2438 cupit.
1087 2375 1197 2422 Vale
1216 2380 1293 2424 Vir
1304 2375 1566 2430 Praestantiff.
1577 2381 1672 2425 Au-

196 2444 334 2514 gustae
345 2441 481 2489 Vind.
492 2459 521 2488 v
530 2460 544 2488 1
566 2459 600 2488 1.
612 2439 674 2488 Id.
686 2438 822 2503 April.
839 2444 922 2487 An.
931 2457 1095 2487 MDxcv.

290 2515 482 2559 Gratum
501 2512 632 2554 etiam
653 2506 703 2554 fit
723 2505 825 2553 scire
844 2524 897 2552 ex
910 2505 1217 2565 Rittershufio‚
1231 2514 1308 2576 qui
1327 2508 1488 2557 fuerint
1505 2509 1675 2574 Agilo!-

197 2580 308 2645 fingi
322 2613 334 2634 ‚
368 2580 414 2623 &
434 2575 610 2642 reliquae
632 2571 809 2622 illustres
829 2573 1209 2643 familiae,quarum
1222 2581 1266 2623 in
1277 2578 1491 2638 Bojorum
1504 2575 1678 2641 legibus

201 2650 385 2696 nomina
393 2655 551 2691 extant.

855 2708 892 2746 x
902 2708 930 2746 L
939 2708 1010 2746 lx.
1688 2687 1691 2712 ¹

312 2780 484 2824 Gratias
492 2774 634 2823 habeo
646 2807 659 2827 ‚
680 2773 1014 2823 Vir'Clariffime
1025 2808 1038 2832 ,
1060 2791 1143 2842 pro
1154 2776 1453 2842 geographica
1465 2774 1610 2824 tabula
1624 2779 1670 2824 δε

290 2842 592 2909 οΙὶὺεὶὶίε,<]υοε
601 2840 879 2890 mifistimunc
892 2843 1015 2907 quod
1027 2841 1259 2908 rependam
1268 2843 1377 2890 nihil
1389 2843 1567 2900 est,cum
1577 2849 1671 2899 erit,

204 2914 431 2974 experieris
440 2926 689 2956 memorem
697 2907 1125 2964 debitorem,interea
1136 2915 1349 2975 temporis
1359 2927 1532 2958 moram
1541 2928 1673 2976 aequo

204 2982 353 3025 animo
365 2974 620 3038 feres,spero.
689 2979 831 3023 Vetus
842 2975 900 3023 est
910 2975 1069 3028 fabula,
1087 2994 1141 3022 ex
1153 2976 1288 3024 tribus
1298 2984 1444 3040 gratiis
1454 2983 1514 3024 ire
1527 2993 1677 3034 unam,

206 3045 343 3091 redire
356 3042 460 3090 duas
474 3076 487 3096 ,
520 3058 618 3088 eam
638 3054 688 3087 tu
702 3041 809 3088 mihi
822 3048 866 3089 in
878 3060 971 3091 rem
983 3042 1180 3090 conferre
1194 3041 1373 3098 videris,
1407 3049 1466 3092 ita
1475 3043 1584 3091 nihil
1595 3061 1673 3091 un-

208 3129 344 3179 quam
365 3112 389 3155 a
412 3125 484 3155 me
502 3107 556 3156 ad
570 3121 613 3156 te
623 3106 906 3174 proficiscitur
918 3144 932 3165 ,
978 3108 1102 3177 quod
1116 3126 1209 3157 non
1219 3108 1491 3173 alterohtanto
1505 3111 1674 3158 aufiius

1056 3178 1088 3222 P
1098 3192 1125 3241 p
1139 3194 1166 3242 p
1176 3194 1206 3244 p
1514 3174 1673 3240 redeat.-
