2260 3454
457 178 730 214 AuCTORE
773 178 1018 211 INCERTI
1050 178 1328 213 NOMINIS.
1538 179 1633 227 5¹39

858 232 964 239 —-.—.-..

156 246 446 293 fundamento
457 244 648 312 posltum
664 245 767 290 dicit
799 280 812 300 ,
857 263 993 311 quem
1003 246 1155 293 dicunt
1173 253 1321 293 omnia
1333 245 1625 311 phantasmata

158 314 375 377 fugare,in
386 330 476 378 quo
486 309 584 357 fidei
592 309 783 357 viriditas
794 308 1038 374 designatur
1059 327 1072 355 .·
1091 312 1350 377 Sapphirum
1363 318 1405 358 in
1419 312 1620 365 secundo,

157 384 234 444 qui
249 379 362 442 spem
377 377 554 424 coelestis
565 375 838 423 beatitudinis
850 374 1043 441 designat
1060 394 1070 421 :
1097 376 1392 423 calcedonem
1416 383 1458 424 in
1472 384 1600 425 tertio
1613 415 1625 435 ,

159 451 235 511 qui
247 444 470 492 flammam
481 449 657 490 internae
669 442 884 489 charitatis
894 441 1077 507 figurat:
1096 447 1139 487 in
1151 456 1310 508 quarto
1322 443 1595 508 smaragdum
1608 479 1621 497 ‚

157 510 429 578 quie-jusdem
442 509 539 556 fidei
549 509 713 556 fortem
725 515 834 556 inter
844 507 1015 556 adversa
1035 507 1349 556 confeffionem
1372 508 1531 572 figurat
1547 530 1557 556 :
1578 516 1623 558 in

154 581 312 641 quinto
332 575 640 623 sardonichum
672 612 685 632 ,
731 575 980 623 sanciorum
1000 581 1109 622 inter
1127 579 1307 621 virtutes
1328 574 1622 622 humilitatem

152 642 181 688 s1
185 641 466 706 gnificantem
485 661 496 689 :
518 648 561 688 in
573 642 691 689 sexto
705 641 892 690 fardium
904 676 918 695 ‚
941 647 985 689 in
994 660 1086 709 quo
1106 641 1354 688 sanCtorum
1374 655 1622 704 martyrum

151 726 282 754 cruor
294 714 574 773 exprimitur:
589 714 632 755 in
645 707 827 774 septimo
840 708 1125 774 chrysolitum
1136 745 1148 765 ,
1166 713 1209 754 in
1219 726 1312 775 quo
1324 707 1545 772 spiritualis
1558 712 1619 753 in-

151 789 216 821 ter
225 775 430 822 miracula
443 774 689 841 praedicatio
702 774 912 841 figuratur
943 792 954 820 :
983 781 1026 822 in
1037 775 1201 822 octavo
1210 774 1427 838 beryllum
1440 807 1454 826 ,
1472 781 1515 820 in
1528 792 1621 841 quo

147 841 473 906 praedicantium
487 842 678 907 perfecff‘ta
688 847 884 907 operatio
896 840 1181 907 significatur:
1200 847 1242 888 in
1252 859 1374 888 nono
1384 846 1617 906 topazion,

148 913 192 954 in
203 926 295 973 quo
306 907 548 955 eorundem
560 908 707 955 ardens
719 910 1042 974 contemplatio
1060 907 1326 955 monstratur
1352 926 1362 954 :
1392 913 1434 953 in
1446 906 1620 954 decimo

149 973 459 1040 chrysopasum
472 1011 483 1031 ,
502 981 578 1042 qui
596 975 825 1022 beatorum
839 990 1087 1040 martyrum
1100 993 1210 1040 opus
1228 981 1384 1040 pariter
1396 978 1440 1020 &
1453 979 1618 1039 praemi-
1685 1017 1688 1021 .

148 1058 226 1086 um
241 1039 451 1105 fignificat
472 1060 482 1088 :
503 1047 544 1088 in
555 1041 790 1089 undecimo
803 1041 1091 1106 hyacinthum
1109 1075 1121 1094 ,
1154 1047 1230 1108 qui
1243 1040 1460 1088 coelestem
1470 1039 1523 1087 ad
1533 1040 1620 1086 alta

148 1106 514 1164 sublevationem,
538 1113 773 1173 &propter
783 1108 1000 1154 humilem
1022 1108 1075 1154 ad
1090 1107 1283 1154 humana
1299 1106 1618 1155 descenfionem

148 1172 333 1237 figurat:
354 1179 398 1220 in
408 1173 674 1221 duodecimo
685 1173 982 1238 amethystum
998 1210 1009 1230 ‚
1040 1179 1115 1240 qui
1125 1173 1306 1221 coelestis
1318 1173 1483 1238 semper
1494 1179 1618 1238 regni

147 1244 191 1286 in
203 1239 440 1287 humilium
451 1246 598 1286 animo
616 1246 877 1287 memoriam
890 1239 1097 1304 designat.
1139 1243 1248 1286 Haec
1258 1239 1417 1304 politio
1430 1257 1504 1285 ΧΠ.
1519 1239 1619 1303 lapi-

144 1305 253 1351 dum
266 1305 425 1370 figurat
436 1304 686 1352 firmitatem
697 1305 1027 1371 Apostolorum,
1041 1309 1116 1371 qui
1126 1311 1169 1352 in
1181 1304 1470 1352 fundamento
1483 1306 1617 1351 eccle-

144 1370 209 1418 fiae
219 1371 316 1418 sunt
325 1371 576 1436 pofiti,s1cut
588 1372 786 1419 Salvator
795 1371 949 1418 mundi
959 1371 1089 1418 beato
1098 1371 1206 1418 dixit
1221 1374 1350 1418 Petro
1369 1390 1379 1417 ε
1400 1373 1473 1417 Tu
1484 1389 1526 1417 es
1540 1373 1616 1416 Pe-

143 1451 234 1484 trus
246 1473 257 1493 ,
269 1441 314 1483 &
327 1437 448 1501 super
460 1437 571 1484 hanc
582 1453 752 1503 petram
765 1437 984 1484 aedificabo
999 1436 1218 1484 ecclesiam
1232 1455 1393 1484 meam-
1437 1440 1547 1483 Haec
1558 1435 1616 1482 di-

139 1502 280 1550 cendo
291 1503 345 1550 ad
354 1507 532 1551 Petrum
541 1503 745 1551 omnibus
757 1517 917 1550 notum
928 1501 1396 1570 fecitApostolis,quod
1407 1503 1528 1568 super
1539 1520 1615 1548 eos

140 1568 242 1616 esset
251 1569 422 1617 ecclefia
433 1570 503 1617 sua
513 1569 760 1617 aedificanda
778 1607 790 1627 ,
836 1588 1031 1638 quorum
1051 1570 1178 1617 sonus
1197 1577 1242 1617 in
1255 1588 1438 1616 omnem
1453 1584 1613 1616 terram

141 1641 274 1683 exivit
295 1670 308 1689 ,
341 1641 383 1683 ὃ(
395 1641 437 1683 in
450 1636 553 1684 fines
563 1637 680 1684 orbis
692 1651 813 1684 terrae
830 1636 962 1684 verba
978 1655 1147 1683 eorum.
1194 1640 1236 1682 Si
1247 1635 1446 1701 Apostoli
1457 1634 1612 1683 funda-

139 1718 342 1750 mentum
355 1703 515 1750 domus
529 1708 610 1750 Dei
622 1701 731 1758 sunt,
745 1707 789 1749 ὃς
802 1709 946 1749 omnis
960 1702 1253 1755 Christianitas
1265 1701 1491 1755 aedificatio
1504 1708 1611 1763 ejus-

137 1768 240 1816 dem
253 1769 406 1834 templi
416 1788 590 1815 manere
600 1768 728 1816 debet
739 1767 908 1815 dicente
921 1767 1136 1833 Apostolo
1149 1768 1409 1833 :Templum
1423 1772 1609 1815 Domini

138 1834 334 1882 finctum
347 1834 547 1902 est‚quod
560 1833 652 1882 estis
661 1839 803 1890 VOS,&
817 1839 898 1882 Dei
911 1833 1138 1882 aedificatio
1149 1834 1256 1890 estis,
1266 1838 1310 1881 ὃς
1324 1834 1488 1902 reliqua
1500 1871 1511 1891 ‚
1529 1832 1608 1882 stu·

136 1900 262 1948 deam
269 1920 316 1949 us
326 1919 480 1948 omnes
493 1908 595 1948 totis
608 1901 769 1948 viribus
789 1920 867 1948 nos
877 1899 1125 1949 aedificatori
1138 1905 1183 1949 &
1204 1900 1484 1948 inhabitatori
1503 1919 1607 1948 con-

133 1973 315 2033 jungere
332 2005 344 2025 ,
369 1982 418 2015 ut
430 1968 685 2015 dozstoribus
696 1967 845 2016 nostris
857 1974 900 2015 in
911 1967 1250 2016 fundamentum
1261 1966 1405 2034 positis
1424 2004 1437 2024 ,
1460 1985 1515 2014 eo
1527 1965 1605 2014 do-

134 2050 266 2082 nante
277 2033 594 2100 superaedificari
605 2052 851 2081 mereamur
859 2067 871 2086 ‚
884 2049 933 2081 ut
944 2039 1054 2082 inter
1065 2035 1226 2082 elerstos
1236 2033 1393 2099 lapides
1405 2033 1545 2099 positi,
1558 2037 1605 2080 δε

135 2100 323 2166 praefatis
333 2100 699 2161 ordinibusjunffi
709 2100 958 2152 videamur,
978 2115 1278 2149 utcreatorem
1297 2104 1342 2147 ὃς
1354 2100 1605 2165 redempto-

134 2185 228 2214 rem
239 2166 435 2215 nostrum
446 2167 633 2228 judicem
656 2171 865 2214 vivorum
882 2170 1224 2215 &mortuorum
1244 2167 1353 2214 facie
1373 2167 1426 2214 ad
1445 2167 1604 2214 faciem

134 2234 351 2286 videntes,
372 2240 544 2282 cumeis
556 2234 729 2286 laudare
741 2251 986 2280 mereamur
1004 2233 1254 2299 perinfinita
1266 2233 1412 2281 saecula
1428 2233 1602 2282 saeculo-

135 2317 250 2357 rum,
259 2304 417 2347 Amen.

697 2409 927 2454 CAPuT
994 2408 1047 2452 X.

319 2490 560 2562 ,Qualiter
579 2494 711 2547 inter
732 2490 1010 2563 Lut'tolfum
1039 2492 1104 2550 Εἴ
1124 2494 1414 2548 Heinricum

683 2568 883 2635 disitordia
893 2572 1044 2617 oritur.

135 2639 356 2751 LOnge
366 2636 538 2703 lateque
548 2655 651 2684 cum
664 2636 782 2684 fama
792 2643 880 2697 ejus
891 2637 1094 2684 bonitatis
1105 2633 1352 2682 dilataretur
1363 2670 1374 2691 ,
1395 2637 1439 2681 ὃς
1450 2633 1599 2682 diabo-

220 2703 284 2750 lus
296 2723 398 2751 eum
409 2709 453 2751 in
464 2704 552 2750 hoc
561 2703 750 2751 culmine
760 2709 976 2751 virtutum
995 2703 1175 2751 stantem
1189 2699 1375 2753 videret,
1396 2706 1600 2766 omnige«

131 2775 196 2817 nis
209 2769 380 2817 malitiae
392 2770 471 2817 suae
481 2769 640 2817 astutiis
651 2770 865 2817 nitebatur
877 2776 920 2817 in
930 2770 1122 2837 aliquam
1143 2766 1404 2815 difficultatis
1423 2773 1598 2832 voragi-

131 2855 234 2884 nem
247 2843 508 2902 immergere
527 2873 538 2894 ‚
573 2840 617 2883 δε
627 2837 868 2902 abinceptis
880 2836 1003 2883 bonis
1014 2833 1234 2901 impedire.
1280 2836 1361 2880 His
1372 2835 1477 2881 vero
1490 2847 1596 2881 tem-

129 2903 308 2968 poribus
318 2903 540 2951 Luitolfus
558 2902 669 2950 filius
692 2907 872 2950 Ottonis
893 2901 1070 2968 gloriosi
1087 2906 1197 2966 regis
1215 2900 1241 2928 *
1261 2903 1367 2947 Dux
1383 2914 1473 2948 erat
1491 2900 1592 2948 Ala·
1612 2896 1788 2974 233¹,ss

130 2987 401 3016 marmorum
411 3003 423 3021 ,
436 2975 505 3016 cui
515 2984 635 3034 pater
645 2975 732 3030 ejus
742 2984 867 3017 antea
875 2984 1025 3035 gentes
1034 2985 1187 3015 omnes
1195 2972 1427 3032 regionum
1438 2966 1517 3014 suae
1527 2967 1591 3014 di·
1613 2980 1745 3005 trimonio

1611 3018 1661 3044 ldae
1672 3014 1786 3044 Her-7715-

129 3041 241 3083 tioni
251 3035 538 3097 subjecstarum
548 3035 811 3084 sacramento
825 3035 919 3101 post
930 3035 1064 3082 finem
1077 3039 1175 3081 vitae
1185 3033 1263 3080 suae
1275 3032 1590 3099 subjugaverat:
1611 3057 1784 3085 „ismarum

128 3103 308 3151 Patruus
319 3117 468 3151 autem
478 3102 668 3165 ejusdem
679 3102 862 3151 Luitolfi
873 3106 1100 3149 Heinricus
1110 3100 1243 3149 frater
1250 3106 1374 3166 regis,
1385 3105 1491 3149 Dux
1504 3106 1591 3147 exi-
1611 3096 1783 3172 fn'i‘cfssssfp.

1524 3166 1594 3214 stit
1613 3178 1770 3203 vestiam.

1608 3215 1769 3247 mumma.
