2260 3454
482 217 581 263 714
1059 205 1088 239 P
1099 206 1126 239 R
1137 206 1183 239 ΑΞ
1192 204 1220 238 F
1230 205 1264 238 A
1275 201 1334 238 Tr
1343 203 1375 238 O
1478 255 1634 263 ῳ-

482 266 827 328 ’Ἶίηεανιινη
844 257 1209 338 duffffiuibus
1224 268 1429 337 stationes
1448 281 1527 318 aut
1547 254 1950 334 mariJiWTJ—‘ufft

478 363 527 396 ea
540 343 727 409 solennia
741 338 1048 394 metatoribus
1065 337 1274 403 nomina)
1295 341 1615 405 conjunguntur
1641 370 1655 388 ,
1692 337 1746 383 V
1740 334 1802 381 ias
1813 333 1956 397 publi,
1976 392 1979 393 ⁷

479 429 547 461 cas
565 413 813 477 exprimunt
846 428 862 465 ,·
907 423 1009 474 quas
1031 403 1272 471 Consulares
1288 442 1298 461 ,
1329 404 1557 452 Praetorias
1576 402 1632 453 ξδ’
1643 401 1950 464 Militarosap-
2014 409 2017 411 ·

472 478 696 545 pellabant.
716 480 819 545 Dig.
833 474 902 525 lib.
913 490 991 535 43.
1008 473 1079 521 tit.
1091 480 1133 525 8.
1150 472 1175 519 l.
1191 488 1231 520 2.
1278 471 1473 519 Publicas
1491 477 1580 518 vias
1598 469 1784 516 dicimus
1796 504 1808 524 ,
1840 484 1952 534 quas

481 551 621 594 Graeci
640 564 659 589 Β
670 562 744 590 axx
755 560 894 588 ΛικΛΣ
909 575 920 592 ,
950 539 1082 587 nostri
1101 542 1347 589 Praetorias,
1364 537 1434 584 alii
1446 536 1702 584 Consulares
1722 533 1954 599 appellant.

479 613 711 665 Militares
738 608 938 656 dicuntur
958 604 1024 654 lib.
1035 622 1068 652 c.
1080 605 1149 652 tit.
1152 619 1197 665 7.
1208 604 1233 650 l.
1242 619 1286 664 3.
1313 602 1397 652 [lbi
1411 619 1558 651 earum
1569 599 1666 665 ustis
1676 598 1952 666 destribitur:

480 685 576 730 Viae
584 678 790 725 militares
799 681 968 720 exitum
979 671 1032 719 ad
1043 684 1253 727 mare‚aut
1264 674 1309 717 in
1320 669 1458 727 urbes,
1469 683 1546 717 aut
1555 670 1609 716 ad
1620 668 1801 715 flumina
1811 666 1952 732 publi-

478 765 529 794 ca
545 780 560 800 ,
595 758 669 792 aut
685 742 738 789 ad
754 741 881 787 aliam
903 743 1020 785 viam
1042 737 1278 784 militarem
1295 735 1470 783 habent.
1538 731 1845 800 Qasstngulas
1857 732 1953 780 exi-

478 824 554 861 tus
562 809 721 876 species
738 807 783 854 in
801 800 1118 867 nofflriescbedie
1141 798 1390 865 observabis.
1459 799 1644 847 Publica
1670 811 1818 847 autem
1836 815 1952 847 nom

477 893 621 925 omnes
636 875 696 923 bie
711 868 951 919 nominibus
968 864 1277 932 comprehensa.
1342 867 1426 914 Ait
1447 867 1654 931 Ulpianus
1679 867 1791 931 lege,
1802 881 1953 932 quam„

473 945 661 1009 priorem
673 937 932 986 adduximus
965 953 977 981 .·
1013 937 1126 997 Quae
1136 934 1232 1000 post
1243 934 1515 982 confillarem
1533 939 1757 999 excipiunt
1775 969 1788 990 ,
1823 938 1867 980 in
1878 933 1954 980 vil-

480 1012 539 1057 las
552 1042 564 1061 ‚
590 1007 657 1055 vel
667 1005 765 1051 alias
776 1002 970 1049 colonias
979 1001 1185 1048 ducentes
1196 1032 1208 1052 ,
1231 1014 1383 1066 putem
1393 1006 1524 1047 etiam
1541 1000 1645 1066 ipsas
1656 999 1849 1066 publicas
1860 999 1953 1046 effe.

481 1077 650 1126 Verum
662 1087 738 1135 ego
748 1070 792 1116 in
787 1065 951 1132 schedis
959 1068 1115 1115 nullam
1126 1083 1211 1115 non
1219 1064 1478 1131 confitlarem
1498 1103 1511 1123 ,
1544 1078 1623 1114 aut
1660 1065 1746 1113 uod
1751 1065 1864 1113 idem
1872 1061 1953 1130 est,

481 1141 711 1188 militarem
731 1135 987 1183 delineatam
1006 1135 1164 1198 opinor.
1235 1130 1371 1197 Hasce
1388 1132 1530 1181 tribus
1547 1084 1676 1181 moria
1687 1132 1876 1179 munitas
1887 1148 1952 1179 re-

476 1208 597 1272 perio
618 1223 628 1251 :
664 1203 766 1251 Sive
766 1198 914 1268 stratis
928 1199 1133 1264 lapidibus
1149 1235 1163 1254 ‚
1181 1196 1290 1266 sive
1300 1201 1451 1248 intesta
1455 1200 1627 1265 glarea,
1638 1196 1736 1265 five
1753 1196 1952 1264 congestis

478 1274 627 1321 terreis
648 1266 895 1336 aggeribus.
915 1268 1022 1333 Dig.
1043 1266 1110 1316 lib.
1122 1283 1200 1328 43.
1218 1268 1288 1315 tit.
1304 1283 1324 1314 1
1337 1283 1375 1314 I.
1395 1267 1421 1314 l.
1437 1282 1475 1313 Ι.
1531 1266 1954 1332 Nequelatiorerm,

476 1357 618 1406 neque
629 1338 877 1401 longiorem
889 1368 902 1387 ‚
921 1353 1064 1402 neque
1073 1334 1273 1382 altiorem
1292 1370 1305 1390 ,
1338 1352 1480 1401 neque
1491 1332 1776 1380 humiliorem
1788 1338 1956 1389 viam-2,

475 1405 551 1453 sub
561 1423 620 1459 no
626 1408 741 1450 mine
751 1400 1013 1458 refefflonis,
1023 1407 1070 1457 is,
1083 1406 1157 1468 qui
1168 1399 1396 1458 interdicit,
1409 1398 1550 1465 potest
1560 1399 1703 1446 facere
1717 1430 1720 1432 v
1737 1418 1750 1445 :
1796 1399 1866 1445 vel
1876 1403 1954 1444 im

478 1477 598 1521 viam
609 1485 821 1517 terrenam
836 1468 1207 1533 glareaminjicere
1225 1501 1239 1520 ‚
1273 1482 1349 1514 aut
1361 1466 1542 1514 sternere
1555 1471 1672 1513 viam
1688 1465 1955 1531 lapide,quae

480 1553 646 1585 terrena
656 1536 727 1590 fit,
746 1534 816 1581 vel
827 1548 979 1581 contra
999 1534 1136 1598 lapide
1156 1532 1328 1580 stratam
1350 1547 1562 1580 terrenam
1575 1532 1728 1578 facere.
1799 1534 1958 1596 Qam.

479 1620 606 1669 quam
617 1598 801 1668 Ifidorus
812 1600 934 1646 viam
945 1612 1163 1647 terrenam
1174 1633 1187 1651 ,
1207 1615 1302 1646 cum
1314 1615 1377 1650 ea,
1390 1615 1478 1663 quae
1490 1596 1695 1661 lapidibus
1695 1594 1835 1663 strata
1847 1632 1861 1650 ‚
1880 1598 1955 1645 vi-

481 1671 608 1718 detur
627 1670 882 1732 conjungere
900 1702 912 1722 ‚
940 1682 1035 1712 cum
1046 1666 1109 1712 ait
1121 1668 1375 1730 ,Aggerem
1385 1661 1460 1729 este
1469 1663 1611 1711 mediae
1621 1661 1760 1725 (lratae
1771 1664 1957 1712 eminen-

478 1737 584 1784 tiam
597 1770 608 1788 ‚
620 1735 880 1781 coacervatis
893 1729 1100 1794 lapidibus
1099 1728 1281 1796 stratam
1301 1767 1314 1787 ,
1357 1731 1408 1777 ab
1416 1724 1732 1795 aggerejidesl
1749 1764 1762 1783 ,
1793 1746 1958 1777 coacer-

480 1803 660 1850 vatione
669 1799 815 1847 didam
837 1833 849 1851 ,
886 1814 1012 1863 quam
1022 1795 1206 1864 historici
1214 1798 1335 1844 viam
1354 1797 1585 1844 militarem
1602 1791 1760 1844 dicant.
1828 1793 1958 1861 Abso-

481 1867 573 1916 lute
584 1879 728 1915 autem
738 1863 1003 1929 viaepublicae
1017 1898 1031 1917 ‚
1066 1867 1271 1929 Aggeres.
1312 1863 1570 1911 Ammianus
1577 1863 1779 1913 Alarcell.
1794 1862 1864 1910 lib.
1879 1879 1900 1909 1
1910 1879 1959 1927 9⁶

483 1950 716 2001 tamquam
734 1937 951 1979 itinerario
970 1949 1151 1995 aggere,
1172 1931 1241 1978 vel
1259 1929 1529 1996 superposito
1548 1944 1684 1995 ponte
1704 1930 1957 1996 complana-

482 2001 787 2066 tum'spatium.
813 2000 869 2045 Et
882 2014 904 2045 2
916 2013 954 2044 1.
970 1997 1021 2044 de
1033 1997 1221 2062 Q‘Juliano
1235 2034 1247 2053 ,
1271 2002 1318 2044 M
1325 2003 1569 2044 orarumim
1577 2003 1761 2059 patiens,
1783 2014 1957 2060 percur-

481 2067 532 2115 fis
542 2066 771 2133 aggeribus
782 2064 962 2131 publicis
970 2100 982 2123 ,
994 2067 1170 2117 Succos,
1181 2071 1355 2112 nemine
1365 2062 1467 2112 auso
1477 2060 1873 2127 refistere,praefidils
1882 2080 1954 2110 oc.

484 2140 674 2200 cupavit.

617 2260 842 2316 Curatores
853 2279 984 2330 porro
1004 2265 1087 2314 via⁷
1103 2263 1362 2330 accipiebant
1381 2283 1393 2312 .·
1410 2266 1528 2329 Qos
1542 2263 1593 2311 ab
1607 2262 1807 2330 Auguflo
1826 2261 1954 2312 excoss

478 2334 645 2400 gitatos
660 2334 889 2381 Suetonius
910 2333 1055 2380 innuit
1074 2346 1157 2397 cap.
1171 2350 1198 2394 3
1204 2350 1249 2393 7.
1280 2336 1344 2380 At
1361 2332 1620 2394 Pomponius
1640 2332 1665 2378 l.
1692 2348 1733 2380 2.
1752 2331 1803 2378 de
1823 2330 1954 2395 Orig.

478 2404 589 2467 juris
615 2436 626 2454 ‚
654 2401 829 2449 initium
849 2400 973 2466 longe
989 2400 1124 2448 altius
1140 2400 1308 2463 repetit.
1357 2398 1467 2446 Illud
1474 2398 1604 2445 etiam
1624 2396 1876 2462 observavi,
1891 2397 1957 2444 in-

485 2469 652 2515 terdum
653 2464 837 2535 singulis
859 2468 945 2514 viis
945 2463 1146 2534 singulos
1164 2478 1382 2515 curatores
1399 2465 1543 2517 datos,
1563 2477 1614 2512 ut
1623 2481 1680 2512 ex
1700 2464 1845 2512 multis
1856 2461 1958 2526 lapi.

485 2532 606 2581 dibus
616 2533 780 2583 conflat
813 2553 825 2581 :
872 2534 1095 2582 Interdum
1114 2550 1247 2581 unum
1269 2532 1478 2581 bominem
1495 2532 1730 2579 multarum
1750 2532 1954 2580 viarum,

488 2615 630 2647 curam
641 2597 813 2670 gessiffe.
874 2601 1016 2648 Fidem
1021 2599 1140 2666 facit
1155 2598 1475 2663 marm0r‚quod
1487 2599 1676 2646 Auximi
1678 2595 1886 2664 superest,
1905 2597 1953 2645 in

489 2681 569 2729 quo
587 2669 625 2716 C.
640 2668 802 2731 Oppius
847 2671 982 2718 CUR.
1015 2670 1174 2716 VIAR.
1210 2667 1500 2716 CLODIAE.
1531 2667 1775 2719 ANNIAE.
1825 2667 1957 2711 CAS-

488 2734 646 2782 SIAE.
676 2737 988 2783 CIMINAE.
1020 2737 1264 2782 TRIUM.
1291 2735 1433 2780 TRA
1450 2735 1802 2795 IANARUM.
1848 2733 1960 2779 ET.

491 2800 530 2841 A
545 2801 592 2843 M
606 2801 641 2844 E
653 2803 716 2845 RI
728 2804 848 2847 ΝΛΞ.
896 2804 990 2848 Per
1009 2800 1293 2863 redemptores
1311 2796 1615 2846 muniebantur
1643 2831 1655 2850 ,
1701 2798 1770 2844 uti
1786 2797 1956 2844 Siculus

494 2861 661 2909 flaccus
666 2862 843 2932 scripfit.
895 2869 978 2915 Rei
995 2867 1242 2933 quandoque
1258 2866 1314 2914 ad
1338 2865 1411 2914 bM
1430 2865 1691 2912 munitiones
1707 2864 1956 2912 condemna-

494 2926 666 2980 bantur,
686 2933 795 2991 quod
810 2950 866 2980 ex
882 2935 1074 2982 Suetonii
1091 2935 1185 2996 Cajo
1205 2946 1291 2997 cap.
1309 2949 1332 2981 2
1337 2948 1385 2992 7.
1401 2932 1580 2996 colligffl.
1626 2931 1817 2996 Lapidei&
1841 2931 1954 2977 colu-

494 2995 620 3040 mellis
639 2993 994 3061 distinguebantur
1012 3036 1026 3055 ,
1059 2995 1211 3065 quibus
1227 2999 1468 3047 milliarium
1487 3015 1694 3046 numerus
1702 2994 1964 3062 adscriptus,

495 3059 605 3111 unde
623 3077 773 3111 nomen
797 3079 987 3131 accepere
1003 3086 1020 3124 ,·
1051 3069 1097 3117 in
1124 3064 1302 3117 vetusta
1329 3061 1515 3131 inscript,
1551 3068 1752 3113 MILLI
1765 3066 1900 3111 ARE
1912 3065 1959 3113 S.

1779 3142 1961 3191 LAPL.
