2260 3454
447 241 712 278 AUCTORE
756 240 1032 274 BERNONE
1078 242 1325 279 ABBATE.
1548 234 1639 279 611

164 323 263 354 tum
282 325 356 373 per
378 311 566 371 gratiam
587 309 670 351 Dei
692 318 845 349 contra
858 303 976 367 spem
999 309 1205 350 omnium
1228 300 1370 353 su—bi—to
1392 307 1641 364 convaluit,

164 388 216 420 ut
224 374 262 419 se
270 372 463 420 reficeret
475 370 589 426 cibo,
599 388 649 417 ac
661 387 764 415 curn
777 367 980 415 fratribus
991 367 1239 433 vespertina:
1251 371 1396 433 synaxi
1405 375 1641 421 incolumis

164 438 377 487 intereffet
386 473 397 493 ,
411 436 600 501 totamq3
613 435 803 482 instantis
816 431 1057 482 festivitatis
1066 433 1183 481 diem
1194 434 1364 501 spiritali
1374 440 1642 496 jucunditate

165 504 408 554 celebraret.
454 502 569 568 Sictj3
578 502 785 549 omnibus
796 507 841 548 in
860 518 1102 549 commune
1119 501 1458 566 gratulantibus,
1479 505 1564 568 ipse
1576 506 1640 553 so-

163 572 254 638 spes
264 576 308 617 in
319 570 437 617 suam
448 568 591 616 sedem
602 567 660 616 est
670 568 873 617 reversus.

270 635 484 699 Qodam
507 649 708 701 tempore
739 637 843 682 cum
871 640 937 684 vir
968 640 1053 684 Dei
1076 634 1313 682 Vindicem
1332 634 1521 683 fluvium
1543 634 1640 683 effer
1661 648 1810 695 Capax.

164 702 417 751 translturus
438 739 450 758 ,
483 707 704 749 intantum
715 702 826 765 alvei
836 708 922 764 ejus
934 702 1107 749 cursum
1120 701 1350 749 excrevisse
1368 707 1534 748 invenit
1547 735 1560 753 ,
1591 716 1642 749 ut

163 769 307 818 nullus
317 768 495 816 suorum
508 769 683 816 auderet
693 767 866 816 tranfire
874 787 950 834 per
961 769 1100 816 illum.
1160 771 1291 815 Tunc
1302 768 1423 815 sociis
1433 768 1494 814 sui
1514 773 1640 815 itine-

161 841 217 884 ris
227 836 485 883 abeuntibus
496 870 508 887 ‚
522 840 567 883 δε
579 836 758 892 vadum,
770 835 902 883 sicubi
913 835 1050 902 posset
1060 840 1255 900 reperire,
1267 835 1321 882 ad
1331 834 1641 882 transeundum

196 902 472 954 merentibus,
486 902 570 968 ipse
581 921 685 950 cum
697 921 789 949 uno
802 903 960 949 clerico
972 902 1084 950 solus
1096 901 1310 958 remansit,
1322 920 1371 948 ac
1382 901 1640 968 praedistum

161 922 352 1017 guvium
373 968 459 1016 fine
475 971 618 1037 aliqua
637 968 924 1036 trepidatione
952 975 997 1016 in
1026 974 1207 1017 nomine
1226 973 1411 1015 Domini
1432 967 1639 1015 transivit.

161 1039 222 1083 Et
232 1051 282 1083 ut
292 1042 432 1101 magis
443 1042 607 1083 mireris
617 1071 630 1089 ,
656 1037 834 1084 clericus
847 1036 990 1083 altiori
1001 1035 1168 1083 caballo
1189 1034 1371 1082 relidens
1383 1067 1395 1088 ‚
1420 1035 1445 1081 a
1456 1035 1639 1099 cingulo

162 1102 366 1150 deorsum
388 1102 427 1149 se
437 1118 586 1150 toturn
606 1109 650 1150 in
660 1122 772 1170 aqua
784 1102 978 1150 infusum
1011 1121 1022 1149 ε
1057 1101 1110 1149 de
1122 1100 1321 1167 Episcopi
1335 1116 1485 1148 autern
1508 1100 1640 1148 soccis

162 1169 185 1215 ὲ
198 1169 300 1235 sago
309 1169 434 1216 faCtis
449 1206 461 1227 ,
497 1188 611 1237 quos
621 1184 798 1235 propter
810 1170 950 1233 frigus
960 1168 1156 1215 induerat
1190 1202 1203 1220 ,
1250 1186 1330 1214 nec
1340 1168 1486 1214 saltem
1498 1186 1641 1214 unum

161 1236 303 1302 pilum
319 1236 618 1283 madefacstum
639 1235 862 1301 perspexit.
910 1237 996 1281 Cui
1015 1234 1138 1281 valde
1157 1233 1279 1299 super
1305 1233 1394 1280 hoc
1411 1234 1643 1280 admiranti

161 1309 466 1350 interminatus
478 1302 557 1355 est,
577 1302 722 1349 dicens
757 1319 770 1347 :
807 1304 928 1348 Cave
943 1333 956 1353 ,
985 1318 1058 1345 me
1069 1298 1212 1347 adhuc
1226 1314 1427 1346 manente
1437 1305 1481 1346 in
1492 1317 1639 1351 carne,

163 1369 253 1417 hoc
262 1370 388 1416 alicui
399 1369 563 1415 dicere:
581 1366 838 1414 humilitatis
849 1364 1103 1431 magistrum
1118 1365 1295 1433 sequens
1304 1400 1316 1419 ‚
1339 1372 1416 1433 qui
1428 1365 1480 1412 de
1491 1366 1575 1412 sen]
1583 1380 1643 1412 et-

163 1435 256 1501 ipso
275 1435 488 1501 discipulis
509 1438 734 1498 praecepit,
757 1447 805 1480 ut
817 1432 1054 1487 visionem,
1076 1451 1214 1499 quam
1233 1432 1452 1483 vidiss'ent,
1472 1437 1639 1478 nemini

161 1505 354 1550 dicerent
365 1536 377 1554 ‚
397 1502 538 1548 donec
547 1499 658 1546 filius
668 1499 861 1546 hominis
872 1500 895 1544 a
907 1505 1094 1546 mortuis
1114 1497 1363 1563 resurgeret.
1432 1502 1530 1545 Tua
1541 1497 1639 1544 sunt

161 1569 255 1616 haec
266 1570 295 1614 ὃ
308 1567 476 1615 Christe
488 1584 641 1632 opera,
664 1580 842 1614 tuarum
861 1570 1100 1630 gratiarum
1121 1565 1303 1630 infignia
1313 1599 1327 1619 ,
1349 1570 1425 1631 qui
1435 1569 1476 1611 in
1489 1563 1640 1611 saneiis

163 1641 247 1683 tuis
259 1640 389 1681 etiam
402 1652 519 1680 nunc
536 1638 717 1700 antiqua
728 1631 950 1679 coruscare
968 1631 1072 1678 facis
1084 1632 1304 1678 mirabilia.
1351 1635 1441 1693 Qi
1451 1636 1567 1677 enim
1576 1631 1639 1677 illi

162 1706 348 1769 antiquo
366 1699 660 1747 Hebraeorum
690 1698 860 1763 populo
878 1698 1106 1764 quondam
1124 1698 1260 1745 diviso
1282 1704 1390 1745 mari
1409 1697 1545 1744 rubro
1564 1701 1638 1743 ari-

162 1768 271 1815 dum
290 1773 369 1815 iter
384 1765 597 1832 praebuisti
625 1784 636 1812 ε
667 1779 716 1811 tu
725 1764 845 1811 hunc
862 1763 1083 1811 famulum
1097 1779 1224 1810 tuum
1235 1781 1310 1830 per
1321 1764 1436 1810 idem
1448 1763 1638 1811 elemen-

163 1849 262 1882 tum
282 1833 398 1880 ficcis
418 1831 602 1878 vestibus
622 1829 842 1878 traduxisti
875 1849 887 1877 :
923 1829 998 1876 nisi
1019 1829 1143 1897 quod
1161 1830 1242 1877 illis
1268 1849 1389 1897 aquae
1418 1844 1539 1877 erant
1555 1847 1637 1894 pro

163 1906 298 1948 muris
308 1902 331 1946 Ξι
344 1900 502 1945 dextris
518 1903 562 1944 δε
574 1900 597 1944 a
607 1897 786 1953 finistris,
800 1911 849 1943 ut
861 1896 978 1943 flecis
990 1897 1175 1961 vestigiis
1194 1915 1269 1962 per
1282 1897 1479 1943 medium
1491 1895 1638 1943 transi-

164 1981 261 2014 rent
281 1985 291 2013 :
314 1966 502 2013 istevero
516 1982 590 2028 per
610 1963 769 2010 medias
789 1961 994 2010 translens
1011 1981 1228 2030 aquarum
1238 1963 1372 2010 undas
1397 1999 1410 2019 ,
1454 1969 1499 2009 in
1511 1961 1636 2009 nullo

164 2032 437 2080 madefacstus
446 2067 458 2087 ,
469 2045 511 2078 te
521 2030 644 2082 duce,
658 2036 854 2094 pervenit
863 2028 914 2076 ad
926 2030 1038 2077 litus.
1083 2029 1187 2076 Alio
1198 2036 1303 2077 item
1315 2044 1516 2095 tempore
1527 2028 1638 2076 dum

165 2099 451 2148 Ratisbonam
461 2102 638 2161 navigio
648 2115 723 2162 per
734 2096 991 2143 Danubium
1012 2095 1206 2143 tenderet
1216 2130 1228 2149 ,
1251 2115 1304 2143 ex
1314 2101 1477 2144 incuria
1488 2109 1639 2142 nauta-

165 2184 267 2213 rum
279 2171 398 2213 navis
410 2164 531 2229 super
551 2162 776 2228 quoddam
796 2163 1234 2228 impingiturlignum
1256 2182 1267 2210 ε
1287 2181 1339 2209 ex
1352 2181 1443 2230 quo
1456 2167 1638 2228 patenti-

164 2232 248 2280 bus
260 2237 377 2279 rimis
389 2236 524 2296 coepit
531 2230 739 2295 paulatim
752 2235 809 2275 im
817 2229 921 2294 pleri
933 2235 1069 2296 aquis.
1115 2233 1300 2277 Timore
1313 2233 1526 2294 perterriti
1538 2247 1638 2275 nau-

162 2314 217 2347 tae
229 2336 240 2356 ,
251 2298 304 2346 ad
313 2299 411 2346 litus
423 2297 695 2345 contendunt
706 2296 900 2362 propere.
977 2299 1085 2358 Qo
1096 2302 1390 2361 pervenientes
1400 2333 1411 2353 ‚
1431 2295 1638 2343 omnibus

164 2385 263 2432 quae
273 2371 316 2411 in
325 2369 425 2411 navi
438 2377 558 2410 erant
579 2397 592 2416 ‚
621 2368 859 2428 exportatis
877 2396 890 2416 ‚
917 2362 1041 2408 obliti
1054 2361 1148 2408 sunt
1157 2363 1412 2427 Episcopiin
1425 2366 1636 2427 puppire-

165 2431 351 2480 fidentis.
418 2433 548 2477 Tunc
559 2449 671 2477 unus
684 2448 737 2477 ex
749 2430 909 2477 clericis
931 2429 1102 2476 trahens
1119 2427 1287 2493 suspiria
1307 2447 1361 2476 ex
1370 2434 1529 2475 intimo
1540 2445 1638 2474 cor-—

166 2499 306 2555 dis,ait
323 2515 336 2544 .·
353 2501 433 2544 Vae
444 2496 568 2544 nobis
576 2496 746 2553 miseris,
759 2502 861 2564 quia
870 2500 913 2542 in
925 2509 1049 2542 tanto
1062 2493 1255 2560 periculo
1266 2494 1390 2542 obliti
1400 2495 1544 2541 sumus
1555 2510 1636 2539 no-

168 2566 238 2614 stri
251 2565 435 2612 senioris.
493 2566 550 2610 Et
560 2563 654 2610 haec
665 2563 831 2620 dicens,
852 2562 1043 2610 velocius
1063 2566 1274 2614 cucurrit,
1296 2561 1637 2608 &humerisim-

168 2631 362 2698 positum
372 2630 425 2678 ad
435 2630 536 2677 litus
548 2630 758 2696 exposuit.
804 2633 913 2695 Qo
926 2628 1103 2694 egreslo,
1117 2634 1236 2675 navis
1247 2632 1290 2673 in
1305 2627 1527 2692 posteriori
1540 2644 1634 2691 par-

171 2715 214 2748 te
224 2702 436 2763 mergitur
448 2734 458 2753 ‚
483 2701 527 2743 &
537 2701 700 2744 mirum
711 2703 753 2743 in
764 2696 953 2744 modum
962 2701 1080 2743 navis
1091 2729 1103 2748 ‚
1132 2712 1227 2760 quae
1238 2693 1363 2760 plena
1381 2692 1636 2740 hominibus

169 2763 418 2830 caeteriscjue
429 2762 758 2829 supelleffilibus
768 2762 889 2829 super
900 2782 1031 2831 aquas
1051 2775 1270 2810 nataverat
1287 2790 1300 2813 -‚
1328 2764 1425 2807 viro
1436 2763 1518 2806 Dei
1529 2776 1636 2806 cum

169 2832 253 2880 suis
263 2830 521 2895 egrediente,
534 2848 623 2878 non
634 2836 783 2897 potuit
793 2831 1074 2898 diutius‚quin
1086 2841 1375 2894 mergeretur,
1397 2824 1608 2873 subfistere
1618 2840 1633 2871 ε

172 2898 330 2947 utinde
341 2897 618 2962 colligeretur
636 2932 650 2950 ‚
687 2897 906 2964 quiahanc
918 2901 1197 2962 omnipotens
1211 2899 1329 2941 Deus
1347 2892 1416 2940 sua
1427 2910 1560 2939 manu
1570 2905 1635 2939 te·

170 2979 343 3015 nuent,
364 2963 540 3030 quando
552 2969 617 3012 vir
628 2969 712 3011 Dei
725 2982 826 3010 cum
846 2964 924 3011 suis
934 2969 976 3010 in
994 2981 1042 3009 ea
1053 2962 1266 3009 manebat.
1333 2963 1439 3007 Item
1451 2958 1637 3006 aliavice

171 3039 238 3081 vir
248 3036 331 3078 Dei
343 3035 535 3077 Romam
549 3048 728 3095 pergere
739 3029 972 3077 defiderans
1007 3063 1019 3082 ‚
1067 3034 1186 3076 venit
1196 3027 1249 3075 ad
1259 3026 1445 3074 fluvium
1456 3029 1544 3073 Tar
1555 3043 1637 3072 no-

173 3104 390 3146 minatum
407 3115 420 3144 .·
442 3115 577 3166 quem
594 3112 682 3143 tam
693 3097 925 3161 periculosa
936 3100 1090 3162 reperit
1108 3093 1388 3142 inundatione
1398 3091 1611 3140 effusum.)
1623 3126 1636 3147 ,

175 3180 312 3214 utnec
324 3183 441 3230 equo
475 3201 488 3222 ‚
532 3182 613 3213 nec
629 3168 808 3230 navigio
828 3164 981 3231 aliquis
1000 3160 1135 3227 poffet
1156 3159 1327 3211 tranfire
1346 3159 1483 3209 illum.
1553 3155 1637 3203 Sed

1467 3223 1636 3273 san-stus
