2260 3454
510 157 605 211 343
1052 136 1420 190 EPISTOLAE

507 245 596 289 cap.
606 226 738 290 priori
752 222 866 266 XIX.
880 217 994 263 die‘ta
1005 218 1036 261 F
1039 215 1362 262 alconariorum
1376 209 1579 256 Friderici
1591 211 1878 272 Imperatoris,
1890 224 1963 254 ne—

502 309 589 357 que
615 306 696 354 pro
720 303 811 333 uno
831 284 991 331 eodem
1009 282 1156 348 aliquo
1178 279 1288 326 libro
1312 274 1513 342 accepisse
1536 274 1723 326 videtur.
1791 278 1962 322 Verum

500 375 586 423 ego
605 362 692 416 jam
703 357 832 399 nimis
846 350 919 398 diu
931 352 1134 414 patientia
1144 362 1219 393 tua
1233 346 1392 392 abutor
1405 376 1417 398 ,
1450 359 1531 388 nec
1540 339 1685 387 morbi
1696 339 1877 404 quidem
1888 339 1960 387 ha-

499 425 587 470 bita
608 425 787 468 ratione.
822 414 1010 481 Ignosce.
1046 418 1105 461 Et
1124 410 1420 461 valetudinem
1442 423 1564 456 tuam
1593 424 1696 453 cura
1715 405 1958 471 diligenter,

497 487 703 553 Augustae
718 485 843 533 Vind.
866 502 880 530 1
892 502 930 529 x,
947 485 1100 549 K.Jan.
1115 477 1543 540 An.MDxcv1.Q1em
1556 473 1747 531 tibi,tuis‚
1768 470 1960 519 faustum

500 560 545 602 &
561 554 728 602 felicem
743 552 864 617 opto.

1147 611 1185 648 X
1195 611 1266 648 LV
1276 608 1289 645 l
1298 610 1321 646 Ι,

595 680 696 728 Edit
709 679 761 727 ad
773 693 815 725 te
829 676 1019 729 tandem,
1042 675 1123 721 Vir
1137 674 1214 721 Cla
1221 673 1389 725 rissime‚
1410 671 1640 720 diuturnus
1655 668 1862 723 emansor,
1875 670 1907 713 F
1910 671 1961 714 ri,-

595 748 758 794 dericus
771 758 883 793 tuus.
971 744 1059 787 Pro
1075 759 1169 806 quo
1191 757 1277 804 ego
1292 739 1398 790 tibi,
1435 742 1481 784 δε
1501 742 1705 802 privatim
1720 739 1762 782 δε
1774 733 1962 802 publice,

499 830 676 878 magnas
697 815 855 875 gratias
874 807 1015 854 habeo
1030 840 1042 859 ,
1076 806 1199 873 quod
1223 805 1394 853 usuram
1411 837 1424 858 ,
1458 803 1569 850 mihi
1590 807 1665 850 uni
1680 800 1963 868 gratificatus,

497 880 697 928 omnibus
707 891 995 923 communem
1011 872 1172 927 feceris,
1240 876 1400 938 Neque
1410 886 1608 935 unquam
1618 875 1710 924 erit,
1726 867 1783 916 sat
1798 867 1896 923 scio,
1908 880 1960 914 ut

496 952 691 994 animum
707 941 833 988 istum
850 954 978 987 tuum
989 938 1257 988 benevolum
1271 973 1283 993 ,
1296 935 1565 992 beneficum,
1579 936 1826 983 humanum
1840 934 1962 981 deni-

494 1030 593 1078 que,
616 1015 703 1070 ejus
717 1012 943 1073 poeniteat.
1000 1011 1069 1053 De
1079 1005 1359 1071 inscriptione
1373 1002 1479 1072 quid
1493 1002 1807 1054 constituerim,
1825 1001 1958 1049 vides.

493 1078 657 1124 Placuit
677 1074 865 1138 deligere
881 1077 1127 1138 Principem
1148 1072 1339 1136 aliquem
1362 1076 1591 1122 iuvenem,
1625 1075 1747 1130 cujus
1758 1066 1961 1135 splendor

491 1148 610 1209 operi
624 1139 1060 1189 commendationem
1070 1138 1246 1187 adderet
1256 1173 1269 1190 ,
1306 1143 1349 1185 δε
1362 1142 1439 1203 qui
1453 1155 1556 1184 cum
1571 1149 1839 1202 argumento
1848 1135 1962 1182 dele-

492 1211 705 1263 eim-etur,
739 1222 837 1255 tum
854 1206 907 1253 de
921 1205 1146 1271 scriptione
1162 1205 1348 1267 judicare
1359 1202 1507 1270 pollet.
1576 1209 1745 1252 Omnia
1757 1208 1800 1250 in
1816 1200 1960 1249 Ferdi-

490 1275 637 1324 nando
649 1273 733 1321 visa
747 1291 1006 1321 concurrere
1019 1294 1032 1327 ς
1077 1279 1165 1332 jam
1181 1286 1300 1325 tunc,
1322 1289 1426 1318 cum
1441 1271 1498 1318 illi
1510 1276 1728 1336 praeterito
1741 1287 1870 1326 anno,
1885 1267 1959 1314 hic

489 1343 658 1407 aliquot
673 1339 760 1387 dies
781 1345 951 1404 agenti,
984 1338 1249 1404 Reipublicae
1270 1336 1407 1385 causta
1420 1337 1539 1385 affui.
1596 1340 1805 1384 Nominis
1822 1341 1885 1383 tui
1900 1349 1959 1381 et-

490 1414 579 1456 iam
600 1409 758 1454 merito
775 1411 883 1452 ratio
902 1405 1058 1451 habita.
1125 1408 1296 1452 Parcius
1309 1423 1444 1470 quam
1457 1424 1538 1469 pro
1552 1422 1598 1450 re
1609 1437 1620 1456 ,
1656 1403 1772 1450 dicat
1783 1402 1934 1466 aliquis
1945 1417 1960 1447 τ

491 1474 575 1522 Sed
591 1491 663 1520 me
680 1472 898 1520 modestiae
916 1485 1001 1517 tuae
1018 1470 1264 1518 recordatio
1277 1469 1490 1534 repreffit:
1526 1475 1696 1517 Verum
1711 1484 1860 1517 tamen
1871 1467 1960 1515 elo*

489 1547 615 1607 gium
626 1536 803 1603 expreffi
813 1570 824 1590 ,
892 1536 983 1584 uod
993 1554 1148 1584 omnes
1159 1538 1264 1584 boni
1276 1540 1430 1600 magni
1443 1535 1674 1588 aestiment,
1709 1535 1960 1582 adulatoriis

489 1621 691 1672 praeterea
703 1606 852 1651 calami
892 1609 945 1649 ris
957 1609 1150 1654 inurere,
1185 1620 1329 1665 neque
1343 1617 1399 1654 te,
1433 1621 1576 1665 neque
1594 1621 1667 1648 me
1682 1601 1887 1664 profetsto
1898 1601 1961 1648 di-

487 1689 644 1736 gnum.
686 1671 832 1716 Habes
851 1667 1017 1715 confilii
1035 1672 1122 1714 mei
1140 1673 1328 1714 rationes
1340 1701 1352 1720 ,
1395 1684 1503 1732 quas
1524 1668 1601 1714 tibi
1619 1666 1790 1733 probari
1814 1672 1959 1733 cupio.

487 1741 561 1784 Sin
574 1744 730 1789 minus,
743 1735 829 1781 hoc
841 1748 991 1781 tamen
1004 1734 1019 1779 s
1019 1739 1122 1789 cito,
1132 1739 1308 1799 optimo
1318 1739 1471 1780 omnia
1482 1733 1728 1788 anim0,tibi
1739 1738 1823 1779 tuis
1834 1748 1959 1782 aeter-

486 1807 593 1852 num
606 1803 785 1858 devoto,
796 1806 1000 1866 cogitata,
1009 1801 1293 1865 ειᾶειφεῑειέὶει
1303 1796 1396 1846 elle.
1441 1802 1560 1848 Vale.
1605 1799 1814 1864 Augustae
1826 1805 1868 1848 V
1870 1800 1960 1854 ind.

486 1890 538 1919 Vl
552 1874 688 1917 Non.
700 1873 834 1915 Marc.
853 1873 937 1919 An.
949 1883 1129 1913 MDxcvr.
1149 1870 1260 1932 Qo
1281 1867 1382 1915 loco
1395 1872 1518 1915 tertia
1528 1867 1837 1933 symbolorum
1854 1880 1958 1916 tuo-

487 1953 586 1985 rum
600 1941 793 1985 centuria
806 1932 973 1987 s1t‚scire
982 1939 1128 1999 cupio.

589 2074 751 2143 Ugusta
775 2074 1023 2140 Noriberga
1034 2020 1337 2141 ti·id{b{i1dgr
1348 2080 1498 2123 itinere
1507 2073 1634 2129 abest,
1650 2076 1696 2123 δε
1707 2090 1794 2141 ego
1809 2088 1957 2122 tamen

591 2159 683 2191 tuas
703 2143 864 2190 litteras
882 2160 1000 2190 xxvn
1015 2142 1236 2189 Februarii
1254 2141 1322 2190 die
1344 2142 1514 2208 scriptas
1528 2178 1539 2198 ,
1573 2142 1668 2207 post
1678 2143 1871 2189 mensem
1882 2141 1957 2187 de-

485 2228 614 2258 mum
632 2215 676 2256 δε
693 2228 747 2257 eo
758 2228 829 2256 am
863 2209 954 2265 lius,
976 2210 1111 2274 quam
1125 2209 1287 2274 scripta:
1297 2209 1430 2262 fuere,
1444 2214 1612 2274 accepi,
1645 2207 1770 2274 quod
1784 2207 1883 2254 ideo
1895 2206 1957 2254 di-

484 2296 555 2330 co,
570 2294 625 2324 ne
635 2295 707 2324 me
715 2291 806 2325 tam
835 2294 913 2323 erae
928 2274 1211 2341 responfionis
1221 2293 1344 2323 reum
1358 2293 1470 2341 agas.
1504 2279 1590 2322 Pro
1601 2275 1764 2321 'rusticis
1774 2273 1958 2338 opuscu-

485 2344 550 2400 lis,
563 2359 611 2391 tu
624 2360 727 2391 cave
739 2359 880 2408 nugas
889 2342 1057 2395 dixeris,
1070 2348 1228 2408 gratias
1239 2343 1380 2390 habeo
1389 2376 1400 2396 ,
1412 2346 1456 2388 ὃς
1472 2341 1502 2388 fi
1514 2341 1749 2389 chartaceis
1761 2340 1839 2388 tibi
1850 2339 1958 2386 satis-

486 2409 579 2456 fieri
592 2415 746 2475 pateris
757 2445 768 2464 ,
811 2409 953 2456 refero
974 2422 1159 2475 quoque
1174 2427 1190 2462 ς
1224 2426 1325 2456 ecce
1338 2413 1456 2455 enim
1468 2413 1613 2455 Daciae
1624 2411 1959 2472 vicinarumque

484 2483 722 2589 regionum
736 2474 1072 2541 descriptionem
1083 2474 1429 2541 geographicam
1441 2502 1454 2529 5
1467 2481 1509 2521 in
1524 2490 1611 2540 qua
1631 2475 1774 2522 visum
1793 2492 1870 2540 per
1878 2490 1958 2519 oc-

483 2561 531 2590 ca
553 2561 703 2590 ionem
715 2555 870 2591 ornare
881 2545 1129 2608 Principem
1142 2543 1413 2590 Bathoreum
1424 2577 1436 2597 ,
1454 2547 1531 2607 qui
1544 2541 1582 2588 le
1592 2556 1774 2589 murum
1786 2559 1867 2607 pro
1878 2539 1959 2586 do·-

486 2614 750 2657 moDomini
761 2608 965 2675 opposuit
975 2627 987 2665 ς
1021 2609 1186 2669 adjetsta
1195 2627 1244 2656 ea
1254 2609 1449 2656 maxime
1458 2613 1662 2656 Tartariae
1672 2626 1781 2674 par-S,
1801 2607 1917 2655 unde
1928 2609 1959 2652 ii

486 2677 654 2723 Tartari
675 2677 895 2741 prodiere,
916 2682 992 2744 qui
1011 2676 1150 2722 altero
1165 2676 1328 2723 abhinc
1347 2691 1465 2722 anno
1478 2678 1752 2722 Pannoniam
1762 2673 1959 2721 infestam

489 2739 676 2789 habuere
688 2776 701 2794 ,
737 2757 786 2790 ut
799 2744 958 2808 vulgus
969 2746 1103 2789 etiam
1117 2743 1276 2789 harum
1291 2760 1438 2789 rerum
1452 2742 1587 2807 posset
1598 2740 1779 2806 gustum
1790 2755 1958 2806 capere.

490 2810 627 2864 Aiunt
637 2809 752 2873 apud
765 2828 842 2856 vos
853 2808 1046 2869 eiusdem
1058 2826 1197 2873 prope
1207 2814 1454 2873 argumenti
1467 2808 1662 2855 tabulam
1676 2807 1959 2873 publicatam,

490 2875 646 2921 verum
662 2876 833 2923 interest
844 2875 1109 2941 Reipublicae
1121 2874 1370 2922 Christianae
1383 2912 1396 2932 ,
1431 2875 1521 2922 haec
1535 2894 1587 2922 va
1594 2881 1661 2922 riis
1671 2879 1804 2921 etiam
1815 2873 1959 2920 modis

488 2943 534 2982 in
558 2937 791 2987 hominum
811 2945 962 2990 oculos
975 2947 1204 2992 incurrere.
1253 2942 1406 2989 Redeo
1415 2941 1467 2989 ad
1480 2942 1781 3007 libellos‚quos
1798 2939 1957 2994 misisti;

488 3020 631 3049 unum
653 3004 727 3050 fibi
751 3007 1010 3057 bibliotheca
1027 3027 1126 3056 mea
1146 3009 1406 3060 vindicavit,
1441 3008 1633 3064 duos,uti
1644 3007 1955 3060 volebas,Hoe-

488 3067 663 3122 schelio‚
688 3086 908 3135 quartum,
930 3075 1003 3122 etsi
1014 3074 1209 3141 injuffus?
1225 3076 1440 3140 Adolpho
1453 3079 1632 3125 Occoni
1643 3074 1892 3188 dooiiffilrno
1907 3077 1953 3120 &

1834 3157 1956 3187 uma-
