2260 3454
659 233 732 264 AB
767 232 1042 265 EHGIPPJO
1078 231 1336 269 SCRIPTA.
1578 220 1666 280 641

765 311 805 354 C
830 327 856 354 A
878 326 900 354 p
919 327 948 355 u
968 327 995 355 T
1063 313 1120 355 V.

211 383 508 493 RUgorum
519 373 727 442 fiquidem
739 378 849 428 Rex,
860 379 1041 423 nomine
1052 375 1288 424 Flacciteus
1298 411 1311 429 ,
1325 383 1367 424 in
1379 379 1471 444 ipsis
1480 384 1601 444 regni
1612 378 1673 426 sui

304 448 439 508 coepit
450 455 598 489 nutare
610 440 1031 506 primordiis‚habens
1042 441 1220 489 Gothos
1233 459 1285 488 cx
1296 443 1496 491 inferiore
1504 449 1669 503 Panno-

207 516 278 557 nia
286 509 567 558 vehementer
580 506 765 555 infensos
774 544 786 564 ,
806 526 1000 575 quorum
1020 514 1246 556 innumera
1256 509 1535 556 multitudine
1545 525 1671 558 terre-

206 576 342 623 batur.
377 578 413 621 Is
424 576 533 639 ergo
542 572 831 622 beatissimum
844 577 1097 623 Severinum
1110 579 1153 621 in
1165 574 1243 622 suis
1253 575 1450 641 periculis
1461 588 1672 641 tanquam

205 641 377 688 coeleste
385 640 634 688 consulebat
652 641 897 689 oraculum.
942 640 1012 688 Ad
1027 659 1161 708 quem
1177 641 1285 689 dum
1299 641 1674 690 vehementissime

203 707 451 755 turbaretur
462 706 705 764 adveniens,
716 706 899 755 deflebat
912 707 949 755 se
959 709 983 754 a
993 707 1249 755 Gothorum
1263 707 1523 775 principibus
1533 706 1584 754 ad
1596 711 1676 754 Ita-

203 773 307 821 liam
321 773 547 821 transitum
560 773 783 839 postulaffe
816 808 829 827 ‚
875 776 898 821 a
908 775 1063 841 quibus
1077 773 1114 821 se
1124 793 1214 822 non
1225 774 1463 827 dubitabat,
1470 779 1572 842 quia
1583 772 1673 821 hoc

203 845 243 887 ei
255 840 518 905 denegatum
532 840 692 894 fuerat,
714 841 1018 888 occidendum.
1086 845 1216 889 Tunc
1225 843 1332 906 ergo
1347 842 1370 888 a
1381 848 1476 891 viro
1491 846 1572 888 Dei
1584 840 1673 887 hoc

203 906 454 972 responsum
465 906 690 973 praedicstus
710 914 887 974 accepit.
954 911 995 954 Si
1008 925 1085 954 nos
1095 926 1179 955 una
1192 907 1420 956 Catholica
1432 906 1534 954 fides
1543 925 1594 953 an
1601 925 1673 953 ne-

205 975 502 1039 &eret,magis
511 993 582 1020 me
593 974 645 1021 de
657 980 753 1022 vitae
761 979 1044 1041 perpetuitate
1053 973 1230 1022 debuisti
1243 973 1476 1027 consulere,
1489 973 1556 1020 sed
1568 979 1672 1041 quia

204 1040 259 1086 de
268 1040 460 1106 praesenti
473 1054 645 1088 tantum
658 1040 787 1088 salute
799 1041 1015 1094 sollicitus,
1028 1059 1124 1108 quae
1133 1041 1257 1088 nobis
1269 1040 1326 1089 est
1337 1045 1599 1096 communis,
1610 1045 1672 1086 in-

204 1106 683 1172 terrogas,instruendus
693 1107 895 1155 ausculta.
932 1107 1192 1155 Gothorum
1204 1126 1283 1155 nec
1293 1112 1418 1172 copia
1429 1125 1508 1153 nec
1522 1105 1674 1154 adver-

203 1172 324 1220 fitate
335 1174 588 1226 turbaberis,
633 1179 702 1221 uia
716 1180 804 1221 cito
817 1173 983 1221 securus
993 1179 1051 1221 eis
1061 1172 1370 1221 discedentibus
1382 1188 1431 1220 tu
1442 1172 1675 1220 desiderata

205 1238 480 1306 prosperitate
490 1193 871 1305 regngbisssantum
888 1257 941 1286 ne
951 1239 1206 1287 humilitatis
1217 1257 1322 1287 meae
1333 1244 1500 1286 monita
1511 1253 1680 1304 praeter-

205 1311 363 1354 mittas,
433 1310 539 1353 Non
552 1321 595 1353 te
614 1313 762 1372 itaque
781 1312 927 1372 pigeat
946 1324 1098 1371 pacem
1111 1320 1310 1371 appetere
1328 1311 1458 1352 etiam
1469 1311 1676 1352 minimo-

204 1391 302 1419 rum
316 1409 326 1429 ,
340 1376 382 1418 &
395 1391 620 1440 nunquam
633 1378 814 1438 propriis
823 1372 1055 1421 virtutibus
1067 1377 1271 1426 innitaris.
1317 1372 1574 1419 Maledictus
1588 1405 1600 1424 ‚
1612 1376 1674 1417 in-

204 1444 302 1507 quit
314 1438 514 1504 scriptura
525 1475 536 1494 ,
558 1444 634 1504 qui
647 1437 883 1485 confiditin
894 1437 1074 1485 homine
1086 1471 1098 1490 ,
1124 1441 1168 1484 &
1181 1443 1307 1503 ponit
1326 1456 1499 1486 carnem
1510 1437 1674 1484 brachi-

203 1523 282 1552 um
296 1505 480 1561 suum,&
494 1507 517 1551 ἐι
528 1510 727 1553 Domino
739 1503 900 1551 recedit
911 1522 987 1551 cor
997 1510 1098 1566 ejus.
1146 1503 1270 1552 Disce
1284 1509 1416 1569 igitur
1433 1503 1597 1550 infidias
1610 1521 1677 1550 ca-

202 1589 303 1619 vere
315 1607 327 1627 ,
348 1589 439 1618 non
452 1588 613 1636 ponere
630 1607 642 1627 ,
676 1575 719 1617 in
731 1570 894 1618 lectulo
937 1576 980 1617 ui
1016 1589 1067 1636 pe
1083 1584 1162 1618 tuo
1174 1570 1357 1636 pacifico
1369 1569 1455 1617 fine
1466 1569 1675 1617 transibis.

202 1641 295 1702 Qi
307 1655 410 1685 cum
422 1638 494 1685 tali
511 1636 761 1684 admonitus
781 1589 963 1684 oraculo
1002 1652 1105 1684 aetus
1117 1636 1359 1684 abscederet
1378 1673 1389 1692 ‚
1424 1637 1591 1702 perlato
1603 1635 1678 1682 fibi

200 1703 326 1771 quod
355 1704 481 1751 turba
507 1704 861 1751 latrocinantium
881 1706 926 1749 δε
946 1702 1110 1751 barbari
1131 1704 1299 1770 aliquos
1319 1703 1596 1769 captivassent
1625 1720 1679 1749 ex

203 1774 274 1818 Ru
279 1776 358 1835 gis,
369 1770 422 1818 ad
434 1775 578 1817 virum
592 1774 674 1816 Dei
686 1768 798 1815 misit
809 1775 1007 1835 protinus
1020 1769 1283 1817 consulendi]
1297 1804 1308 1822 ,
1322 1775 1398 1836 qui
1410 1769 1559 1817 sanetis
1573 1787 1680 1816 eum

202 1836 486 1888 mandatis‚ne
496 1835 715 1902 praedones
728 1835 973 1903 sequeretur
992 1869 1004 1889 ‚
1040 1840 1242 1884 Domino
1265 1836 1339 1883 fibi
1351 1836 1567 1884 revelante
1576 1854 1680 1902 prae-

203 1904 545 1956 monuit,<{icens
558 1906 618 1949 :Si
630 1920 703 1949 eos
716 1901 919 1970 sequutus
932 1902 1075 1959 fueris,
1087 1902 1428 1960 occiderisfiave,
1438 1921 1491 1948 ne
1499 1920 1676 1949 amnem

205 1969 385 2019 transeas
395 2006 407 2027 ‚
428 1973 472 2016 &
483 1968 636 2016 insidiis
646 1987 741 2037 quae
753 1968 828 2015 tibi
841 1968 975 2017 tribus
992 1968 1096 2016 locis
1107 1983 1261 2035 paratae
1280 1968 1375 2016 sunt
1397 2002 1410 2021 ‚
1445 1968 1677 2034 inprovida

204 2052 351 2085 mente
359 2036 639 2084 succumbas:
662 2054 763 2083 nam
775 2042 864 2082 cito
876 2041 1058 2083 nuncius
1070 2035 1203 2084 fidelis
1215 2035 1416 2083 adveniet
1434 2071 1446 2091 ,
1481 2041 1558 2102 qui
1570 2050 1611 2082 te
1623 2035 1677 2081 de

203 2103 269 2151 his
280 2104 484 2150 omnibus
503 2101 658 2149 efficiet
679 2106 922 2149 certiorem.
978 2105 1108 2149 Tunc
1122 2107 1400 2168 captivorum
1413 2100 1504 2148 duo
1516 2103 1567 2149 ab
1580 2101 1676 2168 ipsis

201 2169 394 2218 hostium
408 2168 571 2216 sedibus
582 2168 799 2233 fugientes
810 2205 821 2225 ,
831 2186 878 2215 ea
890 2186 964 2234 per
974 2167 1173 2215 ordinem
1185 2170 1537 2236 retulerunt,quae
1547 2170 1571 2214 a
1582 2168 1678 2215 bea-

203 2235 364 2284 tiffimo
377 2234 664 2292 viro‚Christo
675 2234 749 2281 fibi
760 2235 1110 2292 revelante,erant
1123 2235 1335 2302 praedista.
1360 2238 1496 2300 Igitur
1508 2233 1679 2281 frustra-

205 2308 259 2350 tis
278 2301 433 2350 insidiis
453 2301 769 2350 adversantium
787 2301 1021 2348 Flacciteus
1041 2307 1315 2348 incrementis
1334 2302 1487 2349 auc'ius
1504 2300 1674 2368 prospe-

206 2369 390 2418 rioribus
401 2374 537 2416 vitam
549 2368 674 2416 rebus
687 2368 1038 2438 tranquillissimis
1051 2373 1312 2417 terminavit.

755 2479 975 2523 CAPUT
1052 2478 1133 2525 VI.

207 2562 376 2678 POst
386 2562 480 2611 haec
492 2577 638 2611 autem
649 2563 833 2631 quidam
850 2568 918 2611 Ru
922 2582 1002 2630 gus
1011 2580 1168 2629 genere
1178 2599 1190 2619 ,
1208 2579 1283 2629 per
1293 2580 1429 2613 annos
1441 2560 1678 2609 duodecim

296 2629 531 2677 incredibili
540 2630 699 2680 offium
711 2630 865 2679 dolore
876 2636 1228 2686 contritus,omni
1241 2643 1434 2676 caruerat
1444 2628 1678 2676 incolumi-

206 2712 294 2745 tate
305 2697 624 2754 membrorum‚
634 2704 756 2757 cujus
768 2704 981 2746 cruciatus
991 2696 1266 2744 intolerabilis
1275 2732 1286 2753 ,
1306 2701 1609 2762 circumquaq3
1619 2699 1679 2742 vi-

205 2769 310 2811 cinis
322 2762 461 2810 fae‘tus
471 2778 558 2811 erat
570 2763 655 2830 ipsa
674 2765 956 2813 diuturnitate
971 2763 1227 2811 notissimus.
1295 2765 1445 2828 Itaque
1456 2761 1563 2809 nihil
1574 2779 1677 2827 pro-

205 2830 376 2877 ficiente
387 2829 630 2878 diverfitate
640 2831 842 2888 remedii,
861 2831 1039 2880 tandem
1054 2830 1182 2877 vidua
1193 2842 1330 2876 mater
1342 2828 1394 2875 ad
1406 2828 1599 2875 sandium
1611 2833 1676 2874 vi-

205 2915 305 2945 rum
317 2896 523 2943 vehiculo
535 2897 675 2945 filium
687 2898 867 2946 deduxit
877 2897 1129 2964 impositum
1144 2931 1156 2949 ,
1171 2900 1214 2942 ὃς
1225 2909 1324 2942 ante
1333 2901 1508 2957 januam
1519 2912 1676 2941 mona-

206 2964 315 3011 sterii
326 2968 551 3028 projiciens
564 2963 833 3030 desperatum
843 3002 854 3022 ,
875 2968 1136 3012 continuatis
1146 2962 1317 3009 fletibus
1330 2960 1447 3008 reddi
1460 2961 1534 3008 fibi
1546 2965 1678 3009 unicu

207 3030 347 3078 filium
358 3029 611 3095 precabatur
622 3036 665 3077 in
672 3030 996 3078 columem.Sed
1009 3034 1158 3077 virDei
1171 3028 1350 3075 sentiens
1360 3029 1384 3074 a
1395 3027 1432 3075 se
1443 3045 1604 3093 magna
1615 3026 1683 3073 de-

209 3096 348 3163 posci,
358 3095 465 3142 fletu
476 3111 733 3144 commotus
746 3098 900 3159 ajebat:
919 3095 1039 3158 Quid
1051 3100 1281 3161 opprimor
1292 3100 1501 3159 opinione
1513 3093 1679 3144 fallaci,

211 3182 288 3212 cur
300 3162 485 3212 aestimor
496 3163 626 3229 posse,
641 3165 764 3232 quod
776 3182 950 3233 nequeo
972 3164 985 3209 ?
1008 3167 1113 3211 Non
1124 3161 1182 3209 est
1192 3167 1365 3209 virtutis
1376 3179 1483 3209 meae
1495 3159 1688 3227 praestare

1124 3232 1186 3278 lii
1235 3248 1254 3285 3
1589 3237 1685 3273 tam
