2260 3454
556 206 651 261 538
924 206 1102 241 VITA
1163 207 1199 239 S·
1249 207 1614 240 UDALRICI

555 278 672 323 bitur
685 311 694 330 ,
706 273 779 319 ubi
788 270 1097 318 consolationis
1109 269 1195 335 spes
1206 274 1393 317 omnino
1406 287 1495 316 non
1507 269 1704 325 habetur,
1717 267 1785 315 sed
1802 267 1855 314 de
1867 267 1976 315 hora
1986 273 2030 315 in

557 343 715 389 horam
727 338 891 386 tristitia
900 351 1087 402 augetur
1106 372 1118 392 ,
1144 342 1245 403 quia
1258 335 1391 383 finem
1403 335 1607 382 manendi
1619 340 1812 383 invenire
1823 352 1915 381 non
1933 352 2031 400 pos-

556 409 666 464 sunt,
679 406 746 453 sed
756 424 863 452 cum
873 403 1113 470 hiS,quibus
1124 410 1166 449 in
1178 403 1266 449 hoc
1278 402 1429 449 saeculo
1443 401 1735 449 ministravere
1746 438 1756 458 ,
1778 407 1821 448 in
1830 399 2031 465 angustiis

557 474 645 522 fine
667 473 751 520 fine
772 470 1052 538 perseverant.
1100 474 1184 516 Dei
1204 483 1353 515 autem
1372 468 1609 516 benedicitis
1623 472 1669 515 δε
1685 474 1732 514 in
1751 474 1840 529 ejus
1859 467 2033 514 dextera

556 541 781 588 collocatis
793 552 953 606 quanta
963 536 1120 602 gaudia
1130 550 1262 602 atque
1272 534 1457 599 tripudia
1469 549 1673 582 maneant
1683 571 1694 591 ,
1715 533 2034 601 seniper,quan-

558 623 657 655 tum
668 607 870 653 humanis
883 603 1102 650 mentibus
1113 602 1307 667 poslibile
1318 601 1586 666 est,cogitare
1597 616 1775 667 oportet
1785 635 1796 653 ,
1811 600 1864 647 de
1877 600 2036 667 quibus

560 677 769 740 scriptum
782 671 853 722 est,
866 670 989 737 quod
1002 669 1155 715 oculus
1168 687 1259 714 non
1271 668 1395 724 vidit,
1406 687 1486 714 nec
1496 674 1605 715 auris
1617 668 1805 723 audivit,
1817 685 1897 713 nec
1907 671 1950 713 in
1962 684 2039 713 cor

560 743 754 790 hominis
766 736 1066 802 ascendit2quae
1077 739 1328 800 praeparavit
1340 739 1460 782 Deus
1480 733 1755 800 diligentibus
1774 733 1812 780 se
1827 770 1839 790 ,
1865 733 1939 780 ubi
1959 732 2041 797 hy-

564 807 741 856 mnidici
754 804 1011 869 angelorum
1025 801 1149 847 chori
1169 800 1435 847 inenarrabili
1457 801 1644 848 claritate
1663 801 1900 866 fulgebunt
1919 833 1930 852 ‚
1965 799 2042 846 ubi

566 872 776 922 celsitudo
798 867 1143 936 patriarcharum
1164 867 1302 931 digno
1326 867 1496 914 honore
1515 883 1790 914 remunerata
1809 865 2019 931 gaudebit
2028 901 2042 922 ,

568 941 643 988 ubi
656 956 785 986 verax
797 935 1112 1001 prophetarum
1122 934 1235 980 ordo
1252 970 1264 989 ,
1299 934 1536 1000 prophetiis
1557 934 1634 981 suis
1655 940 1698 981 in
1712 949 1812 981 toto
1834 933 2012 998 expletis
2025 965 2038 985 ‚

570 1012 669 1055 Deo
681 1009 836 1069 gratias
856 1019 983 1066 agere
1001 1019 1092 1048 non
1111 1000 1236 1047 cessat
1253 1037 1264 1055 ‚
1299 1000 1374 1047 ubi
1386 1000 1516 1062 judex
1539 1000 1861 1065 Apostolorum
1882 999 2044 1046 chorus

570 1085 745 1135 accepta
758 1083 856 1116 ante
867 1066 1071 1134 promissa
1082 1067 1281 1114 mercede
1293 1075 1536 1132 perenniter
1547 1066 1761 1113 exultabit
1772 1103 1783 1122 ,
1793 1067 1868 1113 ubi
1879 1080 2043 1129 marty-

571 1158 634 1186 res
646 1138 789 1203 palma
799 1140 995 1200 martyrii
1007 1152 1162 1180 eorum
1174 1140 1373 1180 coronati
1393 1167 1404 1186 ,
1451 1152 1534 1180 con
1542 1132 1748 1180 solatione
1759 1132 2046 1198 perfruuntur

574 1203 823 1255 aeteriia2ubi
834 1200 1095 1248 confeslores
1105 1206 1288 1266 praemiis
1301 1200 1380 1247 suis
1390 1200 1687 1265 multiplicatis
1699 1205 1741 1246 in
1754 1205 1836 1247 Dei
1849 1198 2047 1246 laudibus

573 1269 842 1337 perseverant
861 1302 873 1320 ‚
907 1267 1181 1332 ubivirgines
1195 1266 1412 1313 centesimi
1432 1267 1601 1314 fluetus
1622 1266 1905 1313 retributione
1914 1265 2049 1312 abun-

575 1338 683 1384 dant
694 1373 704 1393 ‚
727 1340 771 1382 ὃς
787 1334 924 1381 viduae
936 1332 1182 1398 sexagesimi
1195 1333 1362 1380 fruetus
1374 1333 1640 1380 restitutione
1652 1333 1950 1384 honorantur,
1973 1332 2049 1378 ubi

577 1401 849 1451 monachiex
863 1399 1149 1464 resignatione
1168 1399 1427 1446 saecularium
1450 1406 1654 1446 omnium
1675 1433 1687 1450 ,
1717 1417 1820 1452 cum
1834 1399 2050 1445 esurienti-

578 1471 656 1518 bus
671 1468 870 1523 iustitiam
881 1471 963 1514 Dei
975 1467 1151 1531 expletis
1162 1484 1317 1513 eorum
1331 1465 1538 1512 desideriis
1559 1465 1692 1512 satiati
1717 1500 1728 1518 ,
1759 1464 2050 1512 Deilaudibus

580 1535 760 1584 insistere
771 1552 862 1580 non
874 1532 1103 1588 cessabunt,
1114 1532 1183 1578 ubi
1199 1538 1458 1597 poenitentes
1470 1531 1670 1596 depositis
1682 1531 1946 1579 deliciorum
1957 1530 1982 1577 s
1975 1548 2050 1577 uo-

582 1621 680 1650 rum
691 1601 891 1647 oneribus
904 1598 988 1644 sine
1001 1598 1084 1644 fine
1102 1602 1252 1644 Deum
1275 1598 1492 1645 laudantes
1505 1598 1787 1663 congaudent
1801 1632 1813 1650 ‚
1844 1598 1918 1645 ubi
1931 1602 2052 1662 pueri

583 1685 750 1733 agnum
762 1673 803 1712 in
814 1665 914 1711 albis
932 1665 1155 1731 sequentes
1176 1664 1249 1710 sub
1258 1665 1427 1711 throno
1445 1665 1624 1728 Angelis
1642 1665 1959 1711 concordantes
1970 1668 2053 1710 De-

584 1753 661 1782 um
674 1732 842 1779 laudare
855 1730 1070 1777 cantando
1087 1748 1176 1776 non
1190 1729 1348 1777 cessant
1370 1764 1383 1783 ,
1420 1731 1493 1776 ubi
1503 1729 1805 1795 gloriosissima
1826 1736 1955 1796 virgo
1968 1733 2053 1776 Dei

584 1805 771 1867 genitrix
782 1803 916 1845 Maria
928 1833 940 1853 ,
960 1797 1081 1861 super
1093 1796 1254 1843 choros
1265 1796 1540 1862 Angelorum
1553 1797 1737 1844 exaltata
1749 1834 1759 1854 ,
1775 1795 2054 1844 inaeslimabili

586 1869 777 1915 cla-ritate
790 1863 1109 1911 &formositate
1121 1880 1273 1910 omnes
1285 1863 1467 1910 hilarans
1481 1863 1828 1928 coiispicitui·‚ubi
1838 1863 1931 1924 justi
1944 1863 2055 1910 sicut

588 1934 650 1982 sol
660 1932 957 1997 fulgebunt,&
969 1948 1123 1977 omnes
1136 1929 1265 1976 sanffli
1278 1944 1517 1977 creatorem
1530 1931 1652 1976 snum
1666 1935 1709 1976 &
1724 1935 1927 1977 oninium
1939 1948 2054 1977 crea-

589 2016 788 2048 turarum
799 2034 809 2054 ,
827 2003 870 2043 in
880 1996 950 2043 sua
962 1997 1150 2043 claritate
1160 1996 1268 2043 facie
1278 1996 1329 2043 ad
1340 1996 1495 2043 faciem
1509 1996 1740 2062 gaudendo
1753 1997 1965 2043 videbunt
1974 2031 1985 2048 ,
2002 1996 2056 2043 ab

588 2075 646 2114 eis
658 2065 924 2114 auferentem
938 2080 1119 2109 omnem
1141 2077 1312 2109 metum
1333 2067 1377 2109 ὃς
1389 2082 1572 2110 omnem
1584 2082 1826 2109 moerorem
1843 2067 1887 2109 ὃς
1899 2063 2057 2110 tristiti-

591 2152 662 2181 am
674 2147 805 2197 atque
826 2148 1007 2176 omnem
1028 2129 1342 2176 adversitatem.
1388 2132 1435 2176 In
1447 2130 1521 2176 illo
1534 2147 1669 2194 regno
1683 2129 1756 2175 lux
1776 2118 1871 2176 solis
1884 2134 1928 2176 δε
1945 2129 2057 2176 luna:

593 2205 638 2247 &
650 2199 864 2246 stellarum
877 2214 966 2242 non
980 2195 1036 2242 est
1048 2196 1283 2251 necessari-a,
1297 2196 1434 2242 fames
1448 2200 1491 2242 ὃς
1504 2195 1588 2242 sitis
1597 2196 1701 2241 nulli
1715 2195 1938 2242 nocebunt
1949 2229 1962 2248 ,
1982 2195 2057 2242 fri-

593 2282 674 2331 gus
688 2265 757 2311 vel
769 2262 889 2310 aestus
901 2263 1071 2308 nullum
1084 2262 1332 2327 fatigabunt
1354 2299 1365 2318 ,
1383 2261 1606 2308 infirmitas
1620 2265 1663 2307 δε
1676 2261 1805 2307 dolor
1817 2262 1923 2308 nulli
1933 2261 2058 2308 adve-

591 2339 695 2379 niun
702 2346 731 2387 t,
744 2344 933 2376 ventura:
947 2328 1170 2375 &nediu-tis
1182 2330 1345 2375 miseria
1355 2345 1444 2374 non
1458 2334 1533 2373 tim
1541 2342 1636 2373 etur
1646 2364 1656 2383 ,
1675 2327 1741 2373 sed
1753 2327 1859 2374 ficut
1871 2334 1914 2374 in
1923 2328 1990 2375 die
1999 2335 2059 2388 ju-

591 2399 689 2446 dicii
703 2415 886 2462 corpora
899 2410 1182 2442 mortuorum
1194 2402 1236 2442 in
1250 2393 1444 2441 mensura
1462 2400 1593 2440 aetatis
1613 2393 1887 2459 plenitudinis
1899 2393 2058 2441 Christi

594 2464 873 2528 resurgeiit‚in
884 2480 931 2508 ea
942 2461 1213 2525 possibilitate
1227 2466 1268 2507 &
1283 2459 1601 2525 pulchritudine
1611 2460 1938 2525 permanebunt.
1962 2465 2006 2508 N
2011 2480 2059 2507 u·-

595 2537 692 2596 ptiae
702 2532 759 2577 ibi
771 2547 867 2576 'non
887 2528 1217 2575 celebrabuntur
1228 2564 1238 2583 ,
1263 2531 1306 2572 ὃς
1318 2532 1544 2591 progenies
1555 2526 1790 2573 hominum
1810 2526 1955 2591 postea
1965 2545 2058 2574 non

597 2595 956 2660 multiplicabitur
977 2628 989 2646 ,
1017 2592 1086 2640 sed
1099 2593 1342 2658 completus
1353 2611 1558 2639 numerus
1575 2592 1786 2651 justorum
1794 2611 1886 2640 non
1897 2598 2056 2640 minui-

600 2680 668 2710 tur
680 2701 691 2720 ,
711 2661 779 2710 sed
791 2661 874 2708 sine
885 2660 968 2707 fine
979 2665 1022 2706 in
1031 2659 1196 2724 gaudio
1217 2657 1466 2710 servabitur,
1485 2658 1648 2705 infidias
1660 2659 1818 2705 diaboli
1839 2660 1949 2706 ultra
1967 2678 2059 2707 non

602 2728 1008 2792 timet,indulgentia
1020 2740 1302 2791 peccatorum
1316 2724 1427 2770 ultra
1437 2724 1758 2788 nonindigebit,
1772 2725 1879 2772 ficut
1899 2726 2060 2790 Angeli

601 2800 642 2839 in
654 2801 799 2859 prirnae
811 2793 1070 2841 conditionis
1082 2790 1353 2857 possibilitate
1365 2790 1677 2854 permanebunt
1697 2827 1708 2846 ,
1737 2789 1792 2837 sic
1805 2795 1847 2837 &
1860 2791 2060 2838 homines

602 2860 1060 2922 polii-esurreffionem
1071 2857 1251 2924 aequales
1263 2855 1435 2921 angelis,
1448 2862 1488 2902 in
1503 2856 1727 2904 sobrietate
1741 2862 1782 2904 ὃς
1797 2863 1840 2904 in
1854 2875 2061 2904 commu-

605 2925 807 2972 tabilitate
816 2926 1082 2991 perseverant
1092 2931 1134 2970 in
1146 2930 1317 2970 civitate
1327 2927 1409 2968 Dei
1420 2921 1549 2969 nostri
1562 2960 1572 2979 ,
1594 2929 1635 2969 in
1649 2940 1801 2970 monte
1812 2924 1958 2970 sanAEto
1970 2930 2058 2983 ejus

604 2990 806 3037 aedificata
824 3027 836 3046 ‚
870 3011 964 3057 quae
976 2991 1131 3038 dicitur
1140 3008 1213 3036 xii.
1236 2989 1444 3054 lapidibus
1463 2988 1654 3054 pretiosis
1674 2990 1751 3036 este
1768 3005 1918 3037 ornata
1929 3003 2061 3054 atque

607 3055 998 3119 fundata,quorum
1011 3063 1190 3104 nomina
1202 3061 1246 3102 ὃς
1258 3055 1454 3102 ordinem
1468 3055 1634 3102 sanctus
1643 3055 2061 3121 loannesApostolus

611 3121 931 3184 &Evangelista
943 3130 984 3169 in
999 3122 1257 3189 Apocalypsi
1277 3136 1500 3169 enumerat
1518 3155 1533 3175 ,
1570 3122 1643 3169 ubi
1652 3121 1850 3187 jaspidem
1865 3128 1906 3167 in
1920 3127 2065 3183 primo

1911 3187 2065 3235 funda-

2246 1031 2248 1065 'i

2246 1067 2249 1109 Ξ

2246 1110 2249 1135 i
