2260 3454
476 128 567 182 350
1028 113 1393 161 EPISTOLAE

473 194 629 250 redeat.
695 195 824 243 Filius
846 208 947 241 tuus
962 194 1218 241 Ludovicus
1239 212 1293 240 ex
1313 195 1430 240 ltalia
1446 192 1636 240 reversus
1649 193 1741 240 heri
1753 213 1939 244 mecon.

469 271 610 317 venit,
646 262 750 330 quid
762 261 1064 327 impedimenti
1074 260 1219 318 fuerit,
1229 279 1323 325 quo
1334 265 1479 307 minus
1490 260 1772 307 humanitatis
1781 261 1839 308 illi
1848 262 1941 310 offi-

469 340 548 389 cia,
567 349 647 396 pro
659 346 733 377 tua
746 334 789 376 in
799 347 870 375 me
882 328 1198 384 benevolentia,
1216 345 1313 374 mea
1327 334 1370 374 in
1385 341 1427 374 te
1437 326 1719 383 observantia,
1738 327 1940 376 exhibere

469 402 708 466 potuerim,
726 414 778 442 ex
789 395 1125 461 ipsointellige33
1160 394 1246 441 scio
1257 393 1485 459 vulgarem
1495 393 1576 439 esse
1591 398 1941 457 occupationum

469 464 791 513 excusationem
804 497 816 517 ,
851 467 896 509 &
915 461 1097 527 proinde
1108 479 1199 507 non
1210 460 1301 507 satis
1314 460 1613 526 probabilem;
1650 459 1721 506 sed
1735 460 1941 525 profe6h¹2

468 532 628 601 quibus
644 537 831 578 rationes
844 543 1072 575 meaenotae
1086 527 1184 574 sunt
1195 563 1206 583 ,
1240 527 1302 574 illi
1313 532 1440 574 nimis
1454 525 1591 574 sciunt
1599 545 1671 574 me
1687 526 1776 574 hoc
1787 528 1941 574 colore

468 618 562 647 non
575 599 708 646 abuti.
764 597 894 659 AEgre
906 594 1000 649 fuit,
1016 594 1140 658 quod
1159 611 1305 658 neque
1324 593 1594 640 confabulari
1606 593 1754 657 paullo
1766 593 1940 642 liberius

467 672 697 732 potuimus
707 700 719 719 ,
764 679 868 708 cum
879 678 952 708 me
966 666 1055 721 ejus
1068 659 1209 707 sermo
1222 659 1402 708 mirifice
1413 660 1649 708 dele&aret
1663 694 1676 714 ,
1736 663 1780 706 ὃς
1788 666 1942 721 jucun-

467 731 685 781 disfimam
695 728 819 775 Italiae
832 732 1096 774 memoriam
1110 741 1358 783 revocaret3
1403 727 1475 774 ille
1484 728 1592 774 vero
1603 761 1614 782 ‚
1649 732 1727 792 qui
1738 744 1811 774 me
1823 726 1896 774 sub
1906 732 1942 773 i-

467 798 592 866 psum
606 797 694 844 fere
708 811 844 841 coenae
860 807 1034 856 tempus
1047 793 1315 840 convenisset
1325 827 1338 847 ,
1371 811 1464 841 non
1479 793 1711 841 condicere
1721 792 1856 841 vellet
1868 812 1942 842 ro-

465 870 601 929 ganti,
621 860 743 928 quod
755 859 981 924 Hopferos
992 860 1136 907 adhuc
1150 858 1224 906 fibi
1236 859 1474 915 adeundos,
1493 864 1539 907 &
1551 860 1774 908 Laubium
1784 860 1838 909 ad
1852 879 1941 908 coe-

464 949 567 978 nam
583 942 791 975 vocatum
803 925 975 972 diceret.
1044 925 1167 972 Nihil
1181 927 1261 973 tibi
1272 925 1472 974 blandior
1486 960 1498 979 ‚
1515 944 1663 993 neque
1675 932 1792 975 enim
1803 926 1939 986 soleo,

463 1014 515 1042 ex
534 993 662 1060 gustu
682 1010 819 1059 quem
840 997 956 1059 coepi
970 991 1082 1040 visus
1097 991 1155 1039 est
1165 993 1304 1041 docsto
1319 1007 1440 1060 patre
1449 993 1580 1058 digna
1594 1012 1797 1060 propago
1812 1029 1825 1050 ,
1879 997 1941 1043 Et

464 1062 589 1128 plane
609 1060 683 1108 tibi
695 1059 820 1107 illum
834 1058 978 1106 filium
988 1060 1198 1124 gratulor.
1266 1065 1308 1108 Si
1322 1061 1430 1126 quid
1444 1066 1486 1107 in
1500 1065 1731 1127 utriusque
1746 1059 1940 1109 vestrum

462 1133 649 1194 gratiam
661 1127 833 1191 possum
846 1161 858 1180 ,
880 1141 1062 1174 monete
1071 1141 1245 1174 tantum
1256 1163 1268 1183 ,
1303 1145 1391 1193 ego
1405 1126 1619 1191 polliceor
1632 1146 1706 1176 me
1715 1126 1942 1176 fasturum

462 1214 561 1260 quae
573 1209 731 1260 potero
742 1198 901 1241 omnia.
940 1193 1054 1241 Vale
1065 1198 1149 1242 Vir
1162 1193 1423 1244 Praestantiss.
1437 1193 1645 1261 Augustae
1660 1194 1938 1245 Vind.x.Kal.

462 1266 570 1324 Maji
581 1266 666 1309 An.
681 1278 858 1309 MDxcvr.
1185 1326 1214 1362 L

575 1395 690 1455 Qae
705 1391 758 1438 de
773 1390 900 1436 rebus
914 1392 1096 1437 Svecicis
1107 1388 1243 1437 aliena
1252 1407 1389 1436 manu
1401 1387 1549 1456 scripta
1563 1389 1708 1438 misisti
1719 1425 1731 1446 ‚
1744 1392 1940 1443 remitto,

467 1404 530 1506 S
546 1484 566 1506 ο
576 1476 674 1523 quae
685 1461 774 1512 tua,
792 1460 973 1512 retineo,
986 1455 1167 1521 quando
1178 1461 1235 1502 ita
1246 1461 1309 1503 vis
1324 1490 1335 1510 ,
1353 1458 1412 1501 Et
1422 1473 1503 1518 pro
1516 1456 1729 1504 omnibus
1744 1473 1848 1504 meo
1861 1455 1942 1503 fra-

464 1528 675 1590 trumque
690 1527 870 1570 nomine
883 1526 1039 1586 gratias
1052 1521 1205 1568 habeo.
1252 1520 1394 1584 Qod
1414 1521 1442 1568 fi
1457 1540 1538 1568 nos
1553 1522 1642 1570 hoc
1659 1528 1704 1569 in
1715 1523 1943 1589 posterum

464 1592 745 1638 humanitatis
767 1606 927 1652 genere
950 1605 1103 1652 perges
1118 1586 1348 1653 prosequi,
1382 1605 1549 1649 magno
1563 1588 1777 1636 beneficio
1792 1589 1943 1635 devin-

463 1663 546 1703 cies
557 1691 568 1710 ‚
590 1662 649 1702 ita
662 1670 806 1703 tamen
822 1668 871 1700 ut
883 1668 931 1700 tu
946 1652 1240 1716 descriptionis
1254 1653 1452 1699 laborem
1465 1672 1521 1699 ne
1531 1653 1675 1701 subeas
1685 1689 1696 1710 ,
1721 1660 1849 1702 mitte
1862 1673 1941 1720 po·-

462 1728 549 1770 tius
579 1720 852 1785 autographa
883 1719 1112 1785 aliquanto
1140 1718 1281 1765 serius.
1349 1719 1625 1767 Rittershufii
1650 1720 1865 1781 judicium
1884 1721 1940 1769 de

460 1789 600 1835 linteis
611 1786 878 1834 Pontificum
892 1785 1008 1833 libris
1020 1783 1377 1849 exspectabimus.
1428 1788 1466 1831 E
1470 1804 1532 1849 go
1544 1786 1671 1852 plane
1685 1801 1839 1836 tecum
1851 1787 1940 1835 sen-

458 1861 542 1908 tio,
577 1853 670 1901 haec
691 1853 935 1918 fragmenta
955 1870 1100 1916 neque
1123 1851 1282 1899 coloris
1305 1870 1453 1918 neque
1477 1851 1589 1900 succi
1603 1852 1685 1900 effe
1700 1873 1780 1915 pro
1796 1870 1938 1909 aetate,

457 1938 601 1989 quum
612 1919 828 1982 affeciant.
863 1924 992 1967 Occo
1004 1917 1148 1966 noster
1161 1937 1374 1967 nummos
1387 1934 1488 1966 tuos
1502 1919 1692 1969 domum
1702 1922 1829 1978 mifit,
1841 1922 1941 1969 nul-

462 1989 557 2035 lum
568 1985 626 2034 est
638 2004 792 2034 meum
803 1985 930 2042 invhis
939 1985 1092 2033 talibus
1104 1985 1333 2048 judicium,
1355 1985 1424 2033 sed
1440 2004 1594 2035 vereor
1605 2003 1818 2037 neutrum
1832 1994 1940 2038 anti-

462 2072 600 2120 quam
612 2052 705 2100 effe.
721 2052 1002 2100 Commodus
1016 2051 1093 2099 nifi
1104 2052 1228 2101 valde
1240 2053 1382 2108 fallor,
1397 2057 1586 2101 omnino
1597 2056 1938 2112 novitius,Alter

460 2127 658 2169 minutus
670 2120 819 2168 litteris
840 2119 1034 2167 Arabicis
1048 2153 1059 2174 ,
1074 2118 1223 2176 cred0,
1238 2135 1415 2168 notatus
1428 2154 1441 2176 ,
1474 2120 1621 2187 paullo
1632 2122 1817 2187 quidem
1828 2129 1936 2172 anti-

459 2193 593 2256 quior
614 2222 627 2242 ,
663 2191 707 2232 ὃς
727 2192 944 2252 genuinus
959 2184 1142 2250 quidem
1161 2222 1174 2242 ‚
1207 2187 1278 2234 sed
1292 2192 1371 2255 qui
1382 2205 1480 2234 rem
1490 2192 1740 2238 Romanam
1752 2190 1871 2238 nulla
1881 2208 1934 2238 ex

458 2269 579 2322 parte
598 2258 797 2317 attingat.
863 2259 993 2303 Occo
1013 2252 1201 2300 censebit
1210 2256 1381 2302 reilius.
1451 2257 1552 2320 Ego
1564 2256 1655 2304 haec
1669 2263 1828 2326 raptim
1841 2255 1935 2306 scri-

458 2321 701 2377 bebam‚uti
712 2319 843 2368 vides.
864 2318 985 2366 Vale.
1018 2324 1092 2366 Au
1128 2319 1228 2369 usta:
1240 2327 1274 2368 V
1284 2320 1542 2369 ind.Prid.K.
1552 2326 1930 2389 Jan.An.MDxcvu,

457 2394 689 2437 Ineuntem
702 2404 869 2435 annum
882 2386 1079 2444 tibi,tuis,
1123 2387 1183 2436 lio
1194 2386 1425 2454 praesertim
1435 2385 1685 2447 Ludovico,
1701 2390 1934 2440 salutarem

456 2473 621 2522 precor.

1169 2521 1235 2560 LI·
1806 2569 1809 2571 ,

460 2590 520 2694 S
543 2595 607 2638 Mi
621 2590 859 2639 suaviffime
870 2594 1099 2640 Camerari
1111 2627 1124 2648 ,
1149 2591 1256 2658 quid
1274 2597 1344 2640 ine
1376 2598 1508 2642 timus
1520 2595 1756 2645 titulorum
1771 2594 1855 2644 istis
1867 2600 1929 2643 in1

525 2653 705 2714 'anibus‚
717 2657 865 2706 (altem
878 2676 983 2706 curn
994 2658 1109 2723 apud
1122 2677 1327 2712 nos‚cum
1353 2659 1411 2707 oli
1423 2658 1673 2718 sumus,hoc
1687 2661 1746 2709 est
1758 2668 1802 2709 in
1812 2663 1929 2710 litte-

460 2726 632 2773 rismam
645 2740 776 2780 extra,
786 2726 893 2773 nihil
906 2740 1013 2773 veto
1026 2743 1130 2772 cum
1140 2726 1280 2791 vulgo
1293 2730 1338 2772 ὃς
1356 2725 1509 2774 sentire
1520 2732 1566 2774 ὃς
1579 2727 1774 2785 scribere,
1789 2728 1841 2776 ad
1855 2747 1930 2795 po-

458 2788 614 2852 pulum
627 2790 779 2838 {cilicet
789 2792 995 2858 phaleras,
1008 2798 1125 2839 intus
1137 2828 1148 2850 ‚
1170 2810 1269 2858 quae
1279 2811 1431 2840 amore
1443 2798 1486 2840 &
1499 2795 1687 2843 candore
1697 2801 1929 2862 utriusque

461 2851 654 2903 nostrum
665 2858 793 2922 digna
805 2857 896 2907 smt.
945 2858 1081 2908 Vides
1093 2876 1231 2924 quarn
1242 2861 1321 2907 tibi
1333 2878 1476 2925 praeeo
1487 2866 1670 2919 viam,ea
1682 2861 1712 2910 s1
1721 2862 1862 2929 placet
1870 2863 1928 2910 se-

458 2937 599 3031 Puere
617 2954 630 2972 ,
667 2928 710 2969 8<
725 2925 831 2991 quid
841 2932 884 2973 ni
895 2927 1061 2991 placeat
1087 2926 1104 2973 ἓ
1136 2926 1212 2974 nisi
1226 2925 1321 2975 fane
1333 2925 1406 2975 ista
1417 2928 1495 2976 tibi
1509 2927 1741 2977 subrustica
1750 2928 1924 2977 videtur

476 2985 700 3050 implicitas
713 3008 725 3041 3
758 2995 800 3036 in
814 3010 949 3056 quarn
963 3009 1135 3058 partem
1147 2992 1261 3041 firme
1274 3000 1562 3059 interpretaris
1572 3031 1584 3052 ,
1609 2996 1681 3044 sed
1693 2996 1923 3061 speronon

459 3051 847 3119 facies‚superest,ut
857 3059 1031 3126 culpam
1046 3060 1266 3128 deprecer.
1298 3065 1475 3111 Suecica
1488 3062 1639 3112 lubens
1650 3063 1762 3118 vidit,
1783 3067 1828 3110 δε
1842 3079 1923 3127 pro

1726 3164 1732 3173 .
1767 3148 1815 3178 us
1827 3145 1923 3195 gra-
