2260 3454
673 172 888 206 LIBER
941 171 1232 205 SEXTVS.
1600 179 1697 229 297

230 220 1696 305 m

231 307 424 353 Galliam
435 305 480 348 δε
495 299 747 365 Hispaniam
760 298 1111 363 interdum,saepe
1124 299 1280 347 Gallias
1294 306 1337 346 δε
1350 294 1570 369 Hispanias
1580 309 1695 374 apud.

228 367 880 433 austores·legimus,utramque
889 366 1179 430 multiplicem
1192 364 1314 412 fuisse
1326 370 1624 433 intelligimus,
1636 375 1693 422 fic

224 435 457 485 absurdum
467 432 526 480 est
548 466 561 485 ‚
583 450 637 478 ex
650 451 743 499 quo
755 432 1145 498 tempore-Rhaetiae
1164 439 1401 480 nominatae
1418 469 1429 486 ‚
1452 438 1693 501 iimplicem

218 507 491 569 provinciam
505 505 702 564 cogitare
722 517 734 546 τ
756 499 878 566 quod
890 498 919 545 fi
929 499 1104 564 duplex,
1124 500 1236 546 duos
1247 499 1396 547 itidem
1410 502 1607 549 Praesides
1620 506 1695 552 ba-

220 566 651 634 buiffeconsequitur.
720 570 879 633 Neque
890 567 950 612 ob
959 567 1003 612 id
1014 567 1282 631 negandum,
1304 582 1693 635 ut1·amque‚prov.1t

219 633 557 701 Imperatoribus
568 631 914 690 collibuisset‚uni
926 634 1109 699 potuiss'e
1120 639 1364 690 committi,
1387 639 1695 696 cujusmodi&

219 702 318 750 alibi
337 706 539 767 gentium
565 700 766 765 exempla
779 699 964 766 prodita.
1033 703 1081 747 In
1099 718 1210 766 agro
1229 702 1469 749 Veronensi
1490 703 1593 769 lapis
1624 723 1694 750 ex-

219 784 283 817 tat
302 806 314 825 ,
349 785 484 836 quem
504 773 616 813 inter
635 781 813 814 externa
831 782 1148 823 monumenta,
1160 785 1257 834 quae
1281 769 1335 815 ad
1347 788 1410 816 res
1420 771 1695 834 Augustanas

142 874 144 876 ψ
217 841 450 902 pertinent,
471 833 714 890 retulimus,
734 833 959 899 inscriptus
1003 837 1070 896 Q
1097 837 1136 881 C
1147 838 1188 880 A
1200 839 1217 881 Ι
1231 838 1269 881 C
1280 839 1296 881 Ι
1309 839 1373 883 LI
1387 841 1445 885 O.
1488 841 1552 885 CI
1566 841 1590 882 S
1605 841 1621 883 I
1634 843 1696 884 A-

219 907 329 951 CO.
360 906 385 949 S
405 905 445 956 ⁴E
466 904 498 947 P
519 904 596 946 TI
618 904 657 946 C
677 904 694 946 I
715 906 774 950 O.
809 903 1013 947 PICAI.
1048 904 1494 950 CAICILIANO.
1535 907 1697 952 PRO-

221 973 380 1017 CVR.
416 973 457 1014 A
478 972 520 1014 V
539 970 581 1013 G
602 972 644 1014 V
666 970 692 1013 S
715 971 756 1014 T
775 972 820 1014 O
839 971 890 1013 R.
929 970 1033 1013 ET.
1069 971 1369 1015 PROLEG.
1404 973 1698 1018 PROVIN-

222 1039 383 1083 CIAI.
418 1036 760 1080 RAITIAI.
794 1036 894 1079 ET.
931 1036 1071 1079 VIN
1095 1037 1361 1080 DELIC.
1398 1039 1498 1083 ET.
1534 1041 1697 1085 VAL-

219 1105 287 1149 LI
300 1106 339 1149 S.
371 1104 403 1147 P
417 1106 462 1149 O
475 1103 565 1146 EN
571 1101 590 1146 Ἰ
598 1103 655 1146 N.
689 1104 727 1146 Is
739 1098 965 1145 Hadriano
977 1098 1188 1162 posterior
1203 1133 1216 1152 ,
1253 1099 1465 1166 fiquidem
1478 1104 1700 1167 Augusto..

218 1187 321 1218 rum
332 1171 535 1214 meminit
567 1201 580 1221 ,
614 1182 695 1211 nec
705 1170 893 1211 omnino
906 1170 1097 1211 anterior
1118 1169 1180 1211 M.
1195 1170 1426 1213 Antonino
1442 1172 1483 1213 &
1500 1172 1550 1215 L.
1564 1174 1699 1227 Vero,

221 1240 300 1302 qui
312 1239 439 1299 primi
449 1230 638 1295 Augusti
646 1236 802 1295 pariter
813 1230 1032 1295 appellati,
1047 1231 1207 1278 ind-icat
1221 1234 1446 1280 Caecilium
1460 1235 1696 1289 Rhaetiam‚

217 1296 956 1349 Vindeliciam&vallemPoeninam
968 1296 1094 1343 simul
1104 1298 1275 1361 rexisse(
1277 1318 1379 1345 nam
1390 1299 1574 1365 singulas
1586 1302 1699 1350 dein-

218 1385 319 1432 ceps
330 1363 476 1412 rexiffe
487 1381 645 1411 vereor
654 1368 820 1409 nemini
831 1363 1016 1429 probare
1026 1363 1164 1429 posse)
1177 1364 1246 1411 sed
1258 1383 1359 1412 eum
1373 1371 1416 1412 in
1427 1368 1618 1414 modum
1630 1375 1697 1415 in-

218 1433 336 1481 dicat
345 1469 357 1488 ,
369 1446 418 1478 ut
430 1429 633 1477 distincffis
645 1430 899 1476 nominibus
911 1444 995 1477 tres
1005 1437 1249 1495 provincias
1267 1431 1493 1496 significet,
1513 1435 1697 1499 Alpium

217 1500 378 1548 scilicet
388 1512 558 1563 partem
578 1532 590 1553 ,
609 1515 706 1564 quae
717 1495 1007 1562 septendecim
1028 1497 1202 1544 Gallicis
1224 1504 1513 1563 provinciisin
1526 1505 1700 1549 Notitia

218 1566 311 1615 hoc
323 1564 456 1613 titulo
467 1575 751 1611 annumerata
763 1562 834 1616 est,
849 1564 980 1627 Alpes
992 1565 1176 1611 Poem'nee
1189 1565 1210 1628 ζ
1221 1568 1420 1612 Pennina:
1433 1567 1699 1633 quibusdam

222 1631 468 1694 codicibus)
481 1629 537 1680 ξδ’
556 1632 710 1695 Grajae,
733 1645 866 1699 atque
877 1632 1062 1678 Rhaetias
1072 1631 1176 1679 duas
1187 1667 1198 1688 ,
1218 1637 1405 1697 primam
1419 1634 1596 1681 Rhaetiae
1613 1635 1703 1700 ipsi-

221 1697 523 1753 us,secundam
531 1697 782 1744 Vindeliciae
791 1703 1092 1745 nomine:nam
1104 1702 1365 1764 C.Ligurius
1377 1706 1452 1767 qui
1466 1701 1703 1766 inscriptio-

219 1785 327 1815 nem
336 1764 478 1832 posuit
488 1798 501 1817 ‚
517 1769 783 1831 antiquitatis
796 1770 861 1811 uti
873 1764 1019 1812 videre
1031 1764 1089 1812 est
1099 1765 1344 1822 affed'tator,
1356 1766 1494 1831 prisco
1507 1768 1700 1815 Vindeli-

221 1840 300 1882 ciae
308 1831 531 1880 vocabulo
542 1848 624 1896 pro
634 1830 806 1878 Rhaetia
817 1831 1055 1888 alteramon
1072 1832 1194 1879 aliter
1210 1851 1260 1879 ac
1272 1837 1331 1880 AI
1347 1833 1603 1900 diphthogo
1616 1853 1698 1899 pro

224 1903 307 1948 ΑΕ
318 1898 427 1946 usus.
473 1903 623 1964 Atque
634 1898 789 1944 hincin
799 1897 889 1944 illas
901 1899 1171 1959 conjetsturas
1184 1898 1279 1948 sum
1291 1900 1544 1965 propensior
1561 1935 1574 1954 ‚
1600 1920 1697 1968 quae

224 1966 441 2014 Rhaetiam
453 1963 685 2011 secundam
694 1964 849 2010 iisdem
868 1997 881 2016 ‚
899 1978 972 2011 aut
982 1964 1108 2030 plane
1120 1984 1212 2013 non
1224 1966 1420 2014 multum
1429 1967 1602 2016 diversis
1613 1983 1698 2016 ter-

222 2038 352 2081 minis
373 2065 385 2084 ‚
422 2031 580 2098 quibus
589 2030 700 2077 olim
720 2034 761 2076 V
763 2029 1009 2080 indeliciam
1023 2031 1250 2079 constitisse
1267 2034 1440 2081 volunt.
1509 2039 1698 2083 Memini

120 2151 128 2155 ,
220 2118 326 2148 cum
345 2111 496 2145 motus
520 2096 683 2144 vocula
702 2100 734 2143 P
756 2100 796 2145 R
814 2101 862 2144 O
883 2102 927 2144 V
944 2101 960 2144 1
982 2101 1026 2145 N
1045 2101 1083 2145 C
1102 2101 1120 2145 I
1139 2103 1180 2145 A
1196 2102 1226 2146 Ι.
1273 2100 1490 2148 Rhaetiam
1504 2101 1698 2149 Vindeli-

221 2165 514 2213 ciamVallem
527 2166 758 2211 Poeninam
777 2199 789 2220 ‚
811 2182 946 2210 unam
956 2167 1235 2212 Provinciam
1244 2173 1390 2231 accepi
1411 2186 1422 2214 ε
1445 2172 1574 2214 nii-nis
1593 2169 1699 2216 levi-

222 2247 302 2280 ter:
313 2249 432 2278 nunc
443 2236 634 2297 corrigo.
665 2234 734 2278 Sic
745 2230 802 2277 est
814 2236 857 2276 in
869 2230 1078 2296 lapidibus
1088 2235 1532 2294 PROCVRATOR.
1556 2238 1697 2282 PRO·
1710 2245 1878 2277 Goltz-thess

224 2299 538 2347 VINCIAE.
581 2300 620 2344 L
642 2299 684 2342 V
706 2300 749 2343 G
766 2301 810 2344 D
828 2302 870 2344 V
887 2300 931 2344 N
952 2300 990 2343 E
1011 2303 1054 2345 N
1074 2302 1099 2344 S
1118 2301 1134 2344 Ι
1156 2302 1195 2344 S.
1241 2301 1343 2346 ET.
1386 2303 1619 2363 AQVIT
1635 2296 1786 2348 Ae-c'm‘

225 2366 1063 2413 NIAE.itemPROCVRATOR.
1097 2368 1500 2420 AVGVSTAE,
1536 2371 1696 2415 VIAE.

226 2437 274 2481 O
286 2435 312 2478 S
325 2434 366 2478 T
377 2434 393 2477 I
404 2433 442 2477 E
452 2434 496 2478 N
507 2433 548 2476 S.
590 2432 628 2475 E
638 2434 693 2477 T.
739 2433 778 2476 C
790 2435 831 2476 A
843 2435 892 2478 M
904 2433 935 2477 P
946 2436 986 2477 A
999 2435 1043 2477 N
1055 2435 1094 2477 A
1106 2434 1156 2476 E.
1199 2449 1302 2477 cum
1325 2432 1627 2497 Lugdunensis
1650 2439 1696 2482 &

225 2503 463 2566 Aquitania
478 2497 575 2544 duae
585 2510 733 2543 tamen
753 2502 988 2561 provinciae
1014 2531 1026 2550 ,
1067 2496 1270 2544 Ostiensis
1288 2502 1338 2544 &-
1360 2502 1469 2546 Cam
1476 2517 1584 2565 pana
1603 2500 1699 2549 duae

225 2570 306 2615 viae
322 2563 415 2612 fint.
484 2563 567 2610 Sed
579 2567 623 2610 &
637 2562 742 2626 illud
757 2578 907 2621 muto,
929 2563 1052 2631 quod
1072 2566 1103 2611 Ρ
1122 2568 1163 2612 R
1181 2569 1227 2612 O
1249 2567 1287 2610 C
1307 2568 1350 2611 V
1368 2567 1421 2613 R.
1489 2569 1699 2616 Procura-

225 2647 387 2687 torem,
399 2636 475 2698 qui
487 2635 582 2678 vice
591 2629 776 2677 Praefidis
786 2635 850 2690 jus
862 2630 1266 2697 dixerit,aliquando
1278 2636 1580 2696 interpretatus
1593 2654 1605 2690 3
1623 2653 1697 2682 ve-

225 2705 313 2746 rius
322 2697 380 2744 est
391 2716 444 2744 ex
453 2697 754 2744 Rationalium
771 2696 891 2744 classe
902 2697 1023 2743 fuisse
1043 2734 1054 2753 ,
1090 2704 1178 2758 ejus
1199 2703 1366 2760 generis
1385 2699 1508 2764 quod
1527 2704 1697 2748 Notitia

226 2763 512 2829 Praeposltum
523 2761 829 2810 thesaurorum
841 2764 1040 2829 appellat,
1052 2763 1350 2830 August-seque
1362 2764 1696 2814 Vindelicorum

226 2838 272 2879 in
292 2829 474 2877 secunda
487 2830 656 2877 Rhaetia
682 2829 824 2876 sedem
846 2829 1035 2876 habuiss'e
1054 2829 1249 2876 ostendit.
1319 2832 1695 2900 Quandoquidem

226 2901 260 2946 P
272 2901 313 2945 R
322 2900 368 2944 O
378 2900 416 2943 L
427 2898 464 2942 E
475 2899 530 2942 G.
550 2914 605 2943 eo
625 2895 786 2960 spediat
796 2932 807 2951 ,
828 2897 955 2943 illum
973 2896 1215 2942 absentibus
1235 2910 1309 2943 aut
1330 2905 1516 2946 mortuis
1538 2901 1588 2946 ha
1596 2920 1695 2948 rum

227 2967 557 3031 provinciarum
565 2961 810 3009 Praefidibus
821 2967 1055 3028 Legatisve
1070 2995 1082 3014 ,
1106 2980 1261 3008 eorum
1273 2962 1421 3010 officio
1432 2983 1512 3029 pro
1524 2981 1610 3013 tem
1616 2986 1696 3033 po-

226 3049 273 3078 re
283 3030 361 3077 esse
372 3027 728 3095 funtstumjdque
740 3030 763 3074 a
773 3031 804 3074 P
815 3033 856 3076 R
867 3035 912 3078 O
927 3033 965 3076 C
977 3032 1019 3073 V
1030 3032 1081 3075 R.
1103 3034 1258 3095 utique
1268 3029 1500 3095 distinguit.
1513 3024 1693 3081 Vtramss

229 3116 317 3166 que
330 3097 547 3144 Rhaetiam
558 3095 684 3144 Italfae
694 3095 946 3144 attributam
959 3132 971 3153 ,
989 3099 1032 3142 N
1035 3099 1168 3142 otitiae
1180 3093 1440 3144 audioritatc
1453 3098 1553 3155 dixi,
1572 3108 1692 3155 cujus

1230 3165 1269 3208 C
1280 3182 1305 3209 c
1563 3165 1697 3218 fidem⁴
