2260 3454
513 180 640 218 ch
674 180 1038 232 QMBHSDAM
1067 179 1424 217 MIRACULIS.
1614 165 1709 224 627

239 234 1427 246 -η--ξ-ῂ--α--ᾕ-ῌῆ--ῄι--ω

239 266 397 317 potens
429 251 776 297 subventionem.
844 251 1182 311 Nonnunquam
1209 255 1325 295 enirn
1358 249 1550 314 posseffas
1578 247 1709 295 semel

236 335 333 364 non
351 316 646 381 derelinquere
666 312 869 361 videntur
889 311 1133 358 manfiones
1166 348 1178 368 ,
1223 314 1346 379 quod
1357 333 1409 361 ex
1421 315 1604 363 occultis
1616 314 1709 362 tali-
1745 328 1748 331 ’

236 401 317 431 um
330 383 567 430 hominum
588 379 806 426 demeritis
839 411 853 430 ,
900 377 1034 425 velex
1054 376 1199 424 divina
1218 378 1274 423 sic
1292 378 1543 444 disponente
1562 387 1709 448 provi-

232 449 381 497 dentia
391 452 563 495 evenire
572 444 837 492 credendum
848 443 918 492 est.
986 448 1081 491 Nec
1091 451 1256 491 mirum
1286 477 1299 496 ‚
1336 463 1416 491 nec
1427 447 1571 494 sanc-'to
1582 448 1710 496 debet

236 515 317 562 elle
327 514 643 565 detraCtivum‚
667 529 771 559 cum
788 529 878 558 non
888 529 1044 558 omnes
1055 511 1171 576 apud
1190 512 1378 558 aliorum
1390 510 1610 576 sepulchra
1622 514 1710 561 san-

236 581 417 629 &orum
428 584 473 626 ὃς
486 580 582 626 loca
590 578 721 626 sanari
733 577 931 626 videmus
945 614 956 634 ,
973 596 1053 626 nec
1064 584 1214 625 omnia
1223 577 1322 624 inde
1331 577 1426 624 tolli
1445 579 1709 628 morborum

234 665 394 711 genera
406 683 417 703 ‚
438 645 507 694 sed
520 645 586 693 his
597 659 770 693 tantum
782 642 961 710 praestari
971 645 1323 693 incolumitatem
1344 681 1356 700 ,
1385 651 1459 711 qui
1472 644 1594 692 bonis
1606 664 1711 711 ope-

235 713 353 759 ribus
373 713 412 760 se
431 713 592 779 dignos
607 711 898 760 reddiderunt.
965 712 1086 759 Nulli
1106 717 1240 777 igitur
1256 710 1355 758 inde
1379 712 1633 759 detrahendi
1651 713 1711 758 su.

234 779 394 827 menda
410 780 468 828 est
478 778 648 827 occasio
668 812 682 832 ,
718 777 749 826 s1
761 778 920 828 frivole
937 778 1163 841 judicantis
1179 778 1602 827 non'vultincurrere
1614 797 1710 826 cen-

235 845 392 899 suram.

355 979 459 1026 Haec
468 978 664 1027 baffienus
675 994 732 1027 ex
742 979 856 1026 edito
868 979 1005 1034 epdice
1015 979 1220 1028 miracula
1235 998 1247 1033 ς
1266 977 1419 1045 quibus
1427 991 1569 1036 tamen
1575 978 1711 1042 plera-

235 1063 315 1112 que
327 1062 384 1093 ex
390 1044 606 1109 prioribus
615 1047 691 1094 illis
699 1080 710 1099 ,
734 1048 789 1099 V
783 1046 852 1092 itae
865 1046 1022 1094 incerti
1029 1047 1203 1095 authori&
1215 1045 1238 1094 ὰ
1248 1043 1588 1112 ηοὸᾱὸβιῖψιήᾶᾱδ
1604 1069 1629 1097 ,>
1647 1046 1722 1092 ἐπέ

235 1113 450 1160 termixta
461 1125 602 1166 erant,
615 1110 699 1177 sed
699 1109 906 1176 perverso
916 1113 1075 1166 ordine,
1088 1112 1201 1160 nobis
1214 1129 1261 1159 ea
1273 1113 1433 1160 iterare
1445 1129 1528 1160 non
1532 1112 1708 1175 placuit.

235 1176 391 1243 Visum
401 1178 513 1226 verb
522 1179 598 1228 hoc
610 1181 698 1227 loco
706 1178 859 1225 addere
854 1176 1163 1242 stapernumera
1168 1179 1281 1226 rium
1293 1195 1498 1231 nmmum
1509 1178 1711 1226 Chronico

238 1247 368 1293 Pauli
376 1247 533 1310 Langii
540 1245 734 1294 monachi
742 1242 1046 1311 Bozaviensts,
1055 1245 1169 1292 edito
1180 1244 1203 1291 ὰ
1214 1247 1274 1291 V.
1289 1246 1326 1290 C.
1337 1245 1516 1310 [joanne
1530 1241 1710 1309 Pistorio

235 1313 351 1360 inter
359 1309 537 1378 illustres
557 1311 793 1361 Germaniae
811 1307 1030 1377 historicos
1047 1322 1236 1360 veteres.
1272 1312 1420 1375 Capitis
1437 1309 1649 1376 inscriptio
1641 1306 1692 1377 st
1691 1327 1711 1358 c

237 1391 433 1449 concepta
446 1376 516 1446 est.
759 1382 762 1385 ’
1105 1387 1109 1392 ’
1528 1411 1531 1415 -

521 1513 592 1559 Ex
603 1510 838 1562 Chronicis
850 1516 1160 1577 Doyingorum
1173 1525 1388 1577 excerpta.

339 1648 446 1691 Nno
466 1648 653 1692 Domini
675 1648 723 1691 M
735 1647 886 1692 LXV.
906 1643 1133 1692 Luduicus
1153 1644 1338 1692 Saltator
1355 1680 1367 1702 ,
1402 1643 1512 1691 filius
1523 1641 1710 1690 Luduici

341 1729 444 1758 cum
455 1710 586 1759 barba
597 1747 608 1767 ,
627 1710 834 1758 secundus
847 1714 1013 1758 Comes
1024 1715 1334 1775 Dor-iugorum
1351 1747 1363 1767 ‚
1396 1709 1611 1757 interfecit
1622 1713 1653 1755 F
1656 1714 1709 1755 ri-

234 1776 663 1824 dericumComitem
672 1776 1212 1831 Palatinum,fundatorem
1223 1775 1467 1825 monasterii
1480 1774 1711 1830 Gosetzen,

270 1849 312 1890 ui
324 1842 544 1890 habitabat
555 1848 598 1890 in
612 1842 747 1891 castro
770 1842 1030 1909 Schipplitz,
1054 1856 1234 1908 propter
1245 1861 1433 1891 uxorem
1452 1842 1570 1889 suam
1581 1860 1662 1888 ven
1670 1860 1711 1887 u-

233 1861 612 1976 liiffimam,quam
630 1909 803 1957 amabat
822 1908 1120 1958 Adelhaidem.
1166 1911 1222 1957 Et
1235 1908 1447 1974 aliquibus
1463 1909 1709 1974 interjefilissz

232 1980 458 2040 (gaeterum
479 1993 558 2022 cur
579 1975 802 2023 Luduicus
826 1976 1018 2031 'Saltator
1041 1991 1332 2042 nuncupetur,
1344 1976 1514 2024 causam
1536 1974 1710 2030 dicunt,

236 2041 363 2109 quod
374 2040 568 2089 instantia
588 2041 811 2089 Adelberti
823 2041 1146 2108 Archipraesulis
1163 2042 1401 2091 Bremenfis
1436 2079 1447 2098 ,
1493 2047 1569 2109 qui
1580 2040 1708 2088 occifi

238 2112 486 2155 Germanus
497 2108 638 2155 fuerat
657 2143 669 2161 ,
707 2109 792 2175 ipse
802 2108 1024 2157 Luduicus
1043 2123 1193 2173 captus
1207 2109 1257 2157 fit
1267 2146 1278 2165 ,
1298 2113 1343 2157 ὃς
1355 2109 1408 2157 ab
1419 2113 1614 2156 Henrico
1626 2111 1708 2154 Im-

238 2186 435 2241 peratore
452 2180 496 2221 in
508 2174 643 2222 castro
681 2176 707 2203 *
747 2175 977 2222 Gibelstein
988 2181 1032 2222 in
1042 2182 1147 2223 turri
1167 2177 1357 2244 quadam
1378 2176 1554 2223 biennio
1567 2173 1707 2222 custo·
1723 2170 1879 2237 ἓῇἶζξζξξ

239 2241 318 2288 diae
328 2247 596 2306 mancipatus
623 2260 635 2288 :
661 2242 836 2289 tandem
857 2242 983 2288 seme-l
1002 2242 1061 2289 ob
1082 2248 1396 2290 recreationem
1417 2242 1470 2289 ad
1490 2242 1706 2307 superlora
1724 2249 1800 2315 stit-n,
1816 2252 1893 2298 δ’ἐξ

241 2312 366 2354 turris
375 2307 538 2373 positus
571 2344 583 2364 ,
629 2323 742 2356 voto
754 2309 900 2356 saneto
914 2308 1117 2356 udalrico
1127 2308 1247 2356 fausto
1260 2327 1334 2374 per
1345 2307 1570 2356 fenestram
1583 2313 1626 2356 in
1635 2311 1704 2353 Sa·
1724 2289 1879 2365 ijo'sssiefa'im

237 2375 326 2420 lam
338 2374 471 2442 usque
493 2374 705 2422 saltaverit
720 2409 732 2428 ‚
767 2376 952 2441 indecjue
964 2390 1137 2422 enatans
1147 2380 1189 2422 in
1200 2374 1520 2440 Sangerhausen
1533 2379 1705 2420 veniens
1724 2371 1851 2444 222ss2?
1867 2370 1898 2397 ¹³⁸

236 2440 486 2487 dominium
499 2439 625 2487 suum
637 2479 649 2498 ,
669 2447 714 2489 in
725 2447 783 2489 rei
805 2448 1067 2489 memoriam
1088 2440 1309 2489 ecclesiam
1328 2441 1555 2506 pulchram
1573 2446 1616 2487 in
1627 2440 1707 2487 ho-
1725 2449 1867 2486 Salaeflum-

237 2524 395 2554 norem
407 2506 511 2554 dieii
523 2507 653 2555 sancii
664 2508 962 2557 construxerit.

303 2619 494 2690 Hzstoria
507 2620 869 2689 Erphassordenfis
877 2622 1071 2688 anonymi
1067 2620 1289 2687 scriptoris
1297 2624 1347 2672 de
1358 2620 1643 2687 Landgraviia

759 2692 1008 2757 Thuringiae,
1023 2702 1106 2754 cap.
1123 2705 1193 2748 15.

243 2780 451 2890 ANno
463 2781 648 2824 Domini
669 2782 716 2825 M
729 2781 818 2826 LX
834 2783 883 2826 Χ.
902 2776 1262 2843 Archiepiscopus
1282 2774 1518 2821 Bremenfis
1535 2807 1548 2827 ,
1571 2774 1703 2823 frater
1740 2773 1746 2781 ’

346 2845 544 2892 Friderici
555 2848 743 2891 Comitis
763 2845 936 2892 Palatini
948 2848 1142 2891 Saxoniae
1160 2877 1172 2896 ,
1210 2840 1703 2888 interfeciiaLudovico

240 2913 420 2957 Comite
431 2909 699 2975 Thuringiae‚
713 2915 757 2957 ὃς
768 2911 836 2958 alii
847 2916 1023 2977 cognati
1034 2915 1079 2956 δε
1096 2914 1224 2956 amici
1235 2907 1355 2973 super
1367 2922 1511 2954 morte
1527 2914 1613 2965 ejus
1624 2908 1704 2954 do-

240 2976 579 3043 lentes‚querelas
590 2981 699 3041 Regi
711 2981 1017 3025 Romanorum
1031 2980 1239 3022 Heinrico
1249 2988 1406 3042 quarto
1416 2974 1704 3022 deLudovico

242 3048 407 3089 comite
424 3041 678 3106 Thuringiae
697 3044 911 3099 offerunt,
930 3049 1006 3110 qui
1017 3041 1122 3102 jussu
1135 3046 1266 3106 Regis
1285 3059 1357 3106 per
1375 3039 1539 3087 infidias
1551 3057 1701 3106 captus

242 3114 288 3159 'm
308 3108 443 3157 castro
465 3108 795 3158 Gebichenstein
826 3111 986 3177 absque
1016 3112 1335 3221 mazclzpatione
1353 3112 1465 3173 cippi
1485 3125 1560 3173 per
1585 3109 1700 3154 bien—

664 3185 667 3187 ’
1040 3179 1087 3222 H
1218 3192 1242 3221 2
1579 3179 1702 3220 nium
