<?xml version="1.0" encoding="UTF-8"?>
<!DOCTYPE html PUBLIC "-//W3C//DTD XHTML 1.0 Transitional//EN"
    "http://www.w3.org/TR/xhtml1/DTD/xhtml1-transitional.dtd">
<html xmlns="http://www.w3.org/1999/xhtml" xml:lang="en" lang="en">
 <head>
  <title>
</title>
<meta http-equiv="Content-Type" content="text/html;charset=utf-8" />
  <meta name='ocr-system' content='tesseract 3.04.00' />
  <meta name='ocr-capabilities' content='ocr_page ocr_carea ocr_par ocr_line ocrx_word'/>
</head>
<body>
  <div class='ocr_page' id='page_1' title='image "./operahistoricaet00wels_0741.png"; bbox 0 0 2260 3454; ppageno 0'>
   <div class='ocr_carea' id='block_1_1' title="bbox 497 139 1668 209">
    <p class='ocr_par' dir='ltr' id='par_1_1' title="bbox 497 139 1668 209">
     <span class='ocr_line' id='line_1_1' title="bbox 497 139 1668 209; baseline 0.008 -21"><span class='ocrx_word' id='word_1_1' title='bbox 497 139 765 189; x_wconf 62' lang='lat' dir='ltr'><em>&#39;AUCTORE</em></span> <span class='ocrx_word' id='word_1_2' title='bbox 796 153 1062 189; x_wconf 74' lang='lat' dir='ltr'><em>BERNONE</em></span> <span class='ocrx_word' id='word_1_3' title='bbox 1096 158 1340 193; x_wconf 76' lang='lat' dir='ltr'><em>ABBATE.</em></span> <span class='ocrx_word' id='word_1_4' title='bbox 1577 147 1668 209; x_wconf 77' lang='lat'>603</span> 
     </span>
    </p>
   </div>
   <div class='ocr_carea' id='block_1_2' title="bbox 181 219 1672 3145">
    <p class='ocr_par' dir='ltr' id='par_1_2' title="bbox 186 219 1672 1202">
     <span class='ocr_line' id='line_1_2' title="bbox 198 219 1670 288; baseline 0.003 -16"><span class='ocrx_word' id='word_1_5' title='bbox 198 238 296 272; x_wconf 87' lang='lat' dir='ltr'>rant</span> <span class='ocrx_word' id='word_1_6' title='bbox 305 259 318 280; x_wconf 91' lang='lat'>,</span> <span class='ocrx_word' id='word_1_7' title='bbox 343 223 646 288; x_wconf 88' lang='lat' dir='ltr'>impleverunt.</span> <span class='ocrx_word' id='word_1_8' title='bbox 683 223 739 266; x_wconf 85' lang='lat' dir='ltr'>Et</span> <span class='ocrx_word' id='word_1_9' title='bbox 748 219 822 266; x_wconf 87' lang='lat' dir='ltr'>nis1</span> <span class='ocrx_word' id='word_1_10' title='bbox 842 219 932 266; x_wconf 89' lang='lat' dir='ltr'>hoc</span> <span class='ocrx_word' id='word_1_11' title='bbox 943 220 1183 270; x_wconf 85' lang='lat' dir='ltr'>studuerint</span> <span class='ocrx_word' id='word_1_12' title='bbox 1201 226 1432 274; x_wconf 87' lang='lat' dir='ltr'>emendare</span> <span class='ocrx_word' id='word_1_13' title='bbox 1451 264 1464 284; x_wconf 90' lang='lat'>‚</span> <span class='ocrx_word' id='word_1_14' title='bbox 1489 228 1621 276; x_wconf 90' lang='lat' dir='ltr'>sciant</span> <span class='ocrx_word' id='word_1_15' title='bbox 1631 221 1670 275; x_wconf 79' lang='lat' dir='ltr'>se</span> 
     </span>
     <span class='ocr_line' id='line_1_3' title="bbox 198 286 1670 361; baseline 0.003 -23"><span class='ocrx_word' id='word_1_16' title='bbox 198 309 282 357; x_wconf 87' lang='lat' dir='ltr'>pro</span> <span class='ocrx_word' id='word_1_17' title='bbox 291 290 380 337; x_wconf 92' lang='lat' dir='ltr'>hoc</span> <span class='ocrx_word' id='word_1_18' title='bbox 397 295 441 336; x_wconf 92' lang='lat' dir='ltr'>in</span> <span class='ocrx_word' id='word_1_19' title='bbox 461 286 695 352; x_wconf 58' lang='lat' dir='ltr'>conspedw</span> <span class='ocrx_word' id='word_1_20' title='bbox 713 290 900 332; x_wconf 87' lang='lat' dir='ltr'>Domini</span> <span class='ocrx_word' id='word_1_21' title='bbox 917 290 1135 333; x_wconf 87' lang='lat' dir='ltr'>rationem</span> <span class='ocrx_word' id='word_1_22' title='bbox 1153 290 1397 339; x_wconf 89' lang='lat' dir='ltr'>reddituros</span> <span class='ocrx_word' id='word_1_23' title='bbox 1408 294 1498 341; x_wconf 83' lang='lat' dir='ltr'>effe.</span> <span class='ocrx_word' id='word_1_24' title='bbox 1566 298 1670 361; x_wconf 80' lang='lat' dir='ltr'>Epi-</span> 
     </span>
     <span class='ocr_line' id='line_1_4' title="bbox 198 353 1668 425; baseline 0.004 -21"><span class='ocrx_word' id='word_1_25' title='bbox 198 357 352 422; x_wconf 84' lang='lat' dir='ltr'>scopus</span> <span class='ocrx_word' id='word_1_26' title='bbox 361 369 509 403; x_wconf 88' lang='lat' dir='ltr'>autem</span> <span class='ocrx_word' id='word_1_27' title='bbox 520 355 545 400; x_wconf 72' lang='lat' dir='ltr'>a</span> <span class='ocrx_word' id='word_1_28' title='bbox 555 357 728 400; x_wconf 89' lang='lat' dir='ltr'>civitate</span> <span class='ocrx_word' id='word_1_29' title='bbox 738 356 857 416; x_wconf 84' lang='lat' dir='ltr'>regia</span> <span class='ocrx_word' id='word_1_30' title='bbox 866 365 1083 399; x_wconf 92' lang='lat' dir='ltr'>revertens</span> <span class='ocrx_word' id='word_1_31' title='bbox 1092 388 1104 409; x_wconf 89' lang='lat'>,</span> <span class='ocrx_word' id='word_1_32' title='bbox 1121 353 1145 416; x_wconf 83' lang='lat'>(</span> <span class='ocrx_word' id='word_1_33' title='bbox 1157 372 1261 401; x_wconf 90' lang='lat' dir='ltr'>narn</span> <span class='ocrx_word' id='word_1_34' title='bbox 1273 371 1379 404; x_wconf 90' lang='lat' dir='ltr'>tunc</span> <span class='ocrx_word' id='word_1_35' title='bbox 1390 367 1600 425; x_wconf 85' lang='lat' dir='ltr'>temporis</span> <span class='ocrx_word' id='word_1_36' title='bbox 1609 362 1668 410; x_wconf 92' lang='lat' dir='ltr'>ibi</span> 
     </span>
     <span class='ocr_line' id='line_1_5' title="bbox 197 418 1671 488; baseline 0.001 -17"><span class='ocrx_word' id='word_1_37' title='bbox 197 423 452 470; x_wconf 87' lang='lat' dir='ltr'>morabatur</span> <span class='ocrx_word' id='word_1_38' title='bbox 462 427 479 476; x_wconf 89' lang='grc'>)</span> <span class='ocrx_word' id='word_1_39' title='bbox 497 425 555 466; x_wconf 90' lang='lat' dir='ltr'>ita</span> <span class='ocrx_word' id='word_1_40' title='bbox 563 419 615 466; x_wconf 92' lang='lat' dir='ltr'>de</span> <span class='ocrx_word' id='word_1_41' title='bbox 626 432 778 483; x_wconf 80' lang='lat' dir='ltr'>crypta</span> <span class='ocrx_word' id='word_1_42' title='bbox 794 418 1020 483; x_wconf 80' lang='lat' dir='ltr'><strong>contigisse</strong></span> <span class='ocrx_word' id='word_1_43' title='bbox 1029 425 1185 484; x_wconf 84' lang='lat' dir='ltr'>reperit</span> <span class='ocrx_word' id='word_1_44' title='bbox 1201 454 1216 473; x_wconf 91' lang='lat'><em>,</em></span> <span class='ocrx_word' id='word_1_45' title='bbox 1237 420 1360 468; x_wconf 88' lang='lat' dir='ltr'>ficuti</span> <span class='ocrx_word' id='word_1_46' title='bbox 1371 442 1446 488; x_wconf 87' lang='lat' dir='ltr'>per</span> <span class='ocrx_word' id='word_1_47' title='bbox 1456 427 1671 476; x_wconf 74' lang='lat' dir='ltr'>visionem</span> 
     </span>
     <span class='ocr_line' id='line_1_6' title="bbox 195 484 1670 553; baseline 0.003 -15"><span class='ocrx_word' id='word_1_48' title='bbox 195 489 438 538; x_wconf 89' lang='lat' dir='ltr'>Ramberto</span> <span class='ocrx_word' id='word_1_49' title='bbox 449 485 664 533; x_wconf 88' lang='lat' dir='ltr'>ostensum</span> <span class='ocrx_word' id='word_1_50' title='bbox 675 484 774 532; x_wconf 88' lang='lat' dir='ltr'>fuit.</span> <span class='ocrx_word' id='word_1_51' title='bbox 820 488 950 534; x_wconf 93' lang='lat' dir='ltr'>Tunc</span> <span class='ocrx_word' id='word_1_52' title='bbox 964 485 1036 532; x_wconf 91' lang='lat' dir='ltr'>ille</span> <span class='ocrx_word' id='word_1_53' title='bbox 1052 491 1283 553; x_wconf 84' lang='lat' dir='ltr'>impatiens</span> <span class='ocrx_word' id='word_1_54' title='bbox 1301 506 1437 536; x_wconf 87' lang='lat' dir='ltr'>morae</span> <span class='ocrx_word' id='word_1_55' title='bbox 1453 526 1466 547; x_wconf 88' lang='lat'>,</span> <span class='ocrx_word' id='word_1_56' title='bbox 1495 510 1586 540; x_wconf 90' lang='lat' dir='ltr'>non</span> <span class='ocrx_word' id='word_1_57' title='bbox 1596 514 1670 542; x_wconf 88' lang='lat' dir='ltr'>an-</span> 
     </span>
     <span class='ocr_line' id='line_1_7' title="bbox 195 552 1670 623; baseline 0.002 -20"><span class='ocrx_word' id='word_1_58' title='bbox 195 570 265 603; x_wconf 89' lang='lat' dir='ltr'>tea</span> <span class='ocrx_word' id='word_1_59' title='bbox 275 556 299 600; x_wconf 77' lang='lat' dir='ltr'>a</span> <span class='ocrx_word' id='word_1_60' title='bbox 310 554 456 601; x_wconf 88' lang='lat' dir='ltr'>labore</span> <span class='ocrx_word' id='word_1_61' title='bbox 468 552 637 599; x_wconf 75' lang='lat' dir='ltr'>cessavit</span> <span class='ocrx_word' id='word_1_62' title='bbox 657 588 670 608; x_wconf 89' lang='lat'>,</span> <span class='ocrx_word' id='word_1_63' title='bbox 703 552 840 620; x_wconf 72' lang='lat' dir='ltr'>quam</span> <span class='ocrx_word' id='word_1_64' title='bbox 849 557 1000 599; x_wconf 85' lang='lat' dir='ltr'>omnia</span> <span class='ocrx_word' id='word_1_65' title='bbox 1010 558 1053 600; x_wconf 94' lang='lat' dir='ltr'>in</span> <span class='ocrx_word' id='word_1_66' title='bbox 1070 553 1304 602; x_wconf 89' lang='lat' dir='ltr'>meliorem</span> <span class='ocrx_word' id='word_1_67' title='bbox 1313 553 1471 603; x_wconf 89' lang='lat' dir='ltr'>statum</span> <span class='ocrx_word' id='word_1_68' title='bbox 1484 575 1670 623; x_wconf 87' lang='lat' dir='ltr'>reparas-</span> 
     </span>
     <span class='ocr_line' id='line_1_8' title="bbox 191 618 1669 684; baseline 0.002 -16"><span class='ocrx_word' id='word_1_69' title='bbox 191 622 264 673; x_wconf 80' lang='lat' dir='ltr'>set,</span> <span class='ocrx_word' id='word_1_70' title='bbox 313 624 476 666; x_wconf 91' lang='lat' dir='ltr'>Iterum</span> <span class='ocrx_word' id='word_1_71' title='bbox 486 619 565 666; x_wconf 88' lang='lat' dir='ltr'>alia</span> <span class='ocrx_word' id='word_1_72' title='bbox 576 623 671 666; x_wconf 91' lang='lat' dir='ltr'>vice</span> <span class='ocrx_word' id='word_1_73' title='bbox 686 636 791 666; x_wconf 91' lang='lat' dir='ltr'>cum</span> <span class='ocrx_word' id='word_1_74' title='bbox 812 618 1039 684; x_wconf 67' lang='lat' dir='ltr'>praeditstus</span> <span class='ocrx_word' id='word_1_75' title='bbox 1049 620 1315 669; x_wconf 89' lang='lat' dir='ltr'>Rambertus</span> <span class='ocrx_word' id='word_1_76' title='bbox 1331 627 1452 683; x_wconf 84' lang='lat' dir='ltr'>juxta</span> <span class='ocrx_word' id='word_1_77' title='bbox 1465 641 1669 672; x_wconf 61' lang='lat' dir='ltr'>morem-2</span> 
     </span>
     <span class='ocr_line' id='line_1_9' title="bbox 192 686 1670 753; baseline 0.002 -18"><span class='ocrx_word' id='word_1_78' title='bbox 192 694 238 735; x_wconf 88' lang='lat' dir='ltr'>in</span> <span class='ocrx_word' id='word_1_79' title='bbox 253 686 419 753; x_wconf 87' lang='lat' dir='ltr'>oppido</span> <span class='ocrx_word' id='word_1_80' title='bbox 440 690 667 751; x_wconf 81' lang='lat' dir='ltr'>Vuaringa</span> <span class='ocrx_word' id='word_1_81' title='bbox 686 704 789 733; x_wconf 90' lang='lat' dir='ltr'>cum</span> <span class='ocrx_word' id='word_1_82' title='bbox 809 686 956 733; x_wconf 65' lang='lat' dir='ltr'>san6to</span> <span class='ocrx_word' id='word_1_83' title='bbox 977 692 1074 733; x_wconf 90' lang='lat' dir='ltr'>viro</span> <span class='ocrx_word' id='word_1_84' title='bbox 1092 687 1381 736; x_wconf 88' lang='lat' dir='ltr'>Psalmodiam</span> <span class='ocrx_word' id='word_1_85' title='bbox 1400 689 1670 745; x_wconf 81' lang='lat' dir='ltr'>decantaret,</span> 
     </span>
     <span class='ocr_line' id='line_1_10' title="bbox 192 752 1672 822; baseline 0.003 -21"><span class='ocrx_word' id='word_1_86' title='bbox 192 760 329 819; x_wconf 88' lang='lat' dir='ltr'>coepit</span> <span class='ocrx_word' id='word_1_87' title='bbox 340 768 504 800; x_wconf 91' lang='lat' dir='ltr'>terrore</span> <span class='ocrx_word' id='word_1_88' title='bbox 523 758 662 800; x_wconf 89' lang='lat' dir='ltr'>nimio</span> <span class='ocrx_word' id='word_1_89' title='bbox 675 758 877 806; x_wconf 84' lang='lat' dir='ltr'>concuti,</span> <span class='ocrx_word' id='word_1_90' title='bbox 896 771 945 800; x_wconf 93' lang='lat' dir='ltr'>ac</span> <span class='ocrx_word' id='word_1_91' title='bbox 956 752 1122 801; x_wconf 85' lang='lat' dir='ltr'>reflexis</span> <span class='ocrx_word' id='word_1_92' title='bbox 1135 755 1272 802; x_wconf 86' lang='lat' dir='ltr'>oculis</span> <span class='ocrx_word' id='word_1_93' title='bbox 1283 760 1384 803; x_wconf 92' lang='lat' dir='ltr'>Deo</span> <span class='ocrx_word' id='word_1_94' title='bbox 1405 755 1592 822; x_wconf 84' lang='lat' dir='ltr'>dignum</span> <span class='ocrx_word' id='word_1_95' title='bbox 1603 777 1672 805; x_wconf 82' lang='lat' dir='ltr'>an-</span> 
     </span>
     <span class='ocr_line' id='line_1_11' title="bbox 194 819 1672 890; baseline 0.003 -22"><span class='ocrx_word' id='word_1_96' title='bbox 194 820 371 868; x_wconf 88' lang='lat' dir='ltr'>tistitem</span> <span class='ocrx_word' id='word_1_97' title='bbox 382 825 550 867; x_wconf 86' lang='lat' dir='ltr'>intueri.</span> <span class='ocrx_word' id='word_1_98' title='bbox 596 824 638 866; x_wconf 90' lang='lat' dir='ltr'>A</span> <span class='ocrx_word' id='word_1_99' title='bbox 652 838 745 887; x_wconf 92' lang='lat' dir='ltr'>quo</span> <span class='ocrx_word' id='word_1_100' title='bbox 767 819 993 889; x_wconf 83' lang='lat' dir='ltr'>requisitus</span> <span class='ocrx_word' id='word_1_101' title='bbox 1044 820 1226 869; x_wconf 83' lang='lat' dir='ltr'>uidnam</span> <span class='ocrx_word' id='word_1_102' title='bbox 1249 821 1324 869; x_wconf 87' lang='lat' dir='ltr'>fibi</span> <span class='ocrx_word' id='word_1_103' title='bbox 1336 822 1435 870; x_wconf 77' lang='lat' dir='ltr'>esset</span> <span class='ocrx_word' id='word_1_104' title='bbox 1454 856 1468 876; x_wconf 90' lang='lat'><em>,</em></span> <span class='ocrx_word' id='word_1_105' title='bbox 1501 823 1672 890; x_wconf 87' lang='lat' dir='ltr'>respon-</span> 
     </span>
     <span class='ocr_line' id='line_1_12' title="bbox 191 840 1669 957; baseline 0.003 -24"><span class='ocrx_word' id='word_1_106' title='bbox 191 887 255 934; x_wconf 87' lang='lat' dir='ltr'>dit</span> <span class='ocrx_word' id='word_1_107' title='bbox 268 886 477 934; x_wconf 86' lang='lat' dir='ltr'>seniorem</span> <span class='ocrx_word' id='word_1_108' title='bbox 487 886 612 933; x_wconf 90' lang='lat' dir='ltr'>suum</span> <span class='ocrx_word' id='word_1_109' title='bbox 621 886 946 934; x_wconf 87' lang='lat' dir='ltr'>Adalberonem</span> <span class='ocrx_word' id='word_1_110' title='bbox 958 840 1115 935; x_wconf 55' lang='lat' dir='ltr'>eodem</span> <span class='ocrx_word' id='word_1_111' title='bbox 1134 922 1148 940; x_wconf 85' lang='lat'><strong><em>,</em></strong></span> <span class='ocrx_word' id='word_1_112' title='bbox 1185 907 1278 957; x_wconf 92' lang='lat' dir='ltr'>quo</span> <span class='ocrx_word' id='word_1_113' title='bbox 1291 893 1336 936; x_wconf 71' lang='grc' dir='ltr'>δε</span> <span class='ocrx_word' id='word_1_114' title='bbox 1346 891 1444 937; x_wconf 75' lang='lat' dir='ltr'>ante</span> <span class='ocrx_word' id='word_1_115' title='bbox 1462 927 1474 947; x_wconf 92' lang='lat'>,</span> <span class='ocrx_word' id='word_1_116' title='bbox 1507 905 1669 939; x_wconf 91' lang='lat' dir='ltr'>ornatu</span> 
     </span>
     <span class='ocr_line' id='line_1_13' title="bbox 188 953 1667 1020; baseline 0.003 -20"><span class='ocrx_word' id='word_1_117' title='bbox 188 969 391 1020; x_wconf 85' lang='lat' dir='ltr'>paratum</span> <span class='ocrx_word' id='word_1_118' title='bbox 401 953 439 1000; x_wconf 91' lang='lat' dir='ltr'>se</span> <span class='ocrx_word' id='word_1_119' title='bbox 449 953 735 1020; x_wconf 74' lang='lat' dir='ltr'>videre,fibiq3</span> <span class='ocrx_word' id='word_1_120' title='bbox 746 960 1037 1020; x_wconf 86' lang='lat' dir='ltr'>praecipere‚ut</span> <span class='ocrx_word' id='word_1_121' title='bbox 1048 954 1108 1001; x_wconf 90' lang='lat' dir='ltr'>illi</span> <span class='ocrx_word' id='word_1_122' title='bbox 1117 954 1219 1002; x_wconf 89' lang='lat' dir='ltr'>sacri</span> <span class='ocrx_word' id='word_1_123' title='bbox 1230 956 1372 1003; x_wconf 88' lang='lat' dir='ltr'>altaris</span> <span class='ocrx_word' id='word_1_124' title='bbox 1383 956 1667 1020; x_wconf 62' lang='lat' dir='ltr'>mysterium</span> 
     </span>
     <span class='ocr_line' id='line_1_14' title="bbox 188 1019 1669 1089; baseline 0.002 -21"><span class='ocrx_word' id='word_1_125' title='bbox 188 1019 599 1072; x_wconf 83' lang='lat' dir='ltr'>celebrantiaffistat,</span> <span class='ocrx_word' id='word_1_126' title='bbox 613 1020 834 1087; x_wconf 67' lang='lat' dir='ltr'>solitaeque</span> <span class='ocrx_word' id='word_1_127' title='bbox 845 1020 1057 1068; x_wconf 84' lang='lat' dir='ltr'>servitutis</span> <span class='ocrx_word' id='word_1_128' title='bbox 1068 1021 1267 1069; x_wconf 86' lang='lat' dir='ltr'>officium</span> <span class='ocrx_word' id='word_1_129' title='bbox 1279 1023 1514 1089; x_wconf 85' lang='lat' dir='ltr'>impendat.</span> <span class='ocrx_word' id='word_1_130' title='bbox 1550 1029 1589 1070; x_wconf 97' lang='lat' dir='ltr'>V</span> <span class='ocrx_word' id='word_1_131' title='bbox 1597 1026 1669 1071; x_wconf 75' lang='lat' dir='ltr'>ere</span> 
     </span>
     <span class='ocr_line' id='line_1_15' title="bbox 189 1086 1666 1154; baseline 0.003 -20"><span class='ocrx_word' id='word_1_132' title='bbox 189 1088 366 1153; x_wconf 89' lang='lat' dir='ltr'>impleta</span> <span class='ocrx_word' id='word_1_133' title='bbox 384 1087 442 1134; x_wconf 87' lang='lat' dir='ltr'>est</span> <span class='ocrx_word' id='word_1_134' title='bbox 454 1086 707 1153; x_wconf 86' lang='lat' dir='ltr'>prophetia,</span> <span class='ocrx_word' id='word_1_135' title='bbox 728 1106 825 1154; x_wconf 85' lang='lat' dir='ltr'>quae</span> <span class='ocrx_word' id='word_1_136' title='bbox 836 1087 944 1135; x_wconf 87' lang='lat' dir='ltr'>dixit</span> <span class='ocrx_word' id='word_1_137' title='bbox 979 1105 991 1134; x_wconf 90' lang='lat'>:</span> <span class='ocrx_word' id='word_1_138' title='bbox 1027 1087 1306 1137; x_wconf 59' lang='lat' dir='ltr'>Cumsandffi</span> <span class='ocrx_word' id='word_1_139' title='bbox 1318 1089 1487 1138; x_wconf 66' lang='lat' dir='ltr'>san6³tus</span> <span class='ocrx_word' id='word_1_140' title='bbox 1496 1096 1597 1144; x_wconf 86' lang='lat' dir='ltr'>eris,</span> <span class='ocrx_word' id='word_1_141' title='bbox 1620 1095 1666 1138; x_wconf 73' lang='grc' dir='ltr'>δε</span> 
     </span>
     <span class='ocr_line' id='line_1_16' title="bbox 186 1168 965 1202; baseline -0.003 0"><span class='ocrx_word' id='word_1_142' title='bbox 186 1172 291 1202; x_wconf 87' lang='lat' dir='ltr'>cum</span> <span class='ocrx_word' id='word_1_143' title='bbox 303 1168 645 1202; x_wconf 84' lang='lat' dir='ltr'>V1ro1nnocente</span> <span class='ocrx_word' id='word_1_144' title='bbox 655 1172 864 1200; x_wconf 89' lang='lat' dir='ltr'>mnocens</span> <span class='ocrx_word' id='word_1_145' title='bbox 875 1173 965 1201; x_wconf 82' lang='lat' dir='ltr'>eris.</span> 
     </span>
    </p>

    <p class='ocr_par' dir='ltr' id='par_1_3' title="bbox 181 1219 1669 3145">
     <span class='ocr_line' id='line_1_17' title="bbox 297 1219 1664 1288; baseline 0.003 -20"><span class='ocrx_word' id='word_1_146' title='bbox 297 1225 392 1268; x_wconf 90' lang='lat' dir='ltr'>Nec</span> <span class='ocrx_word' id='word_1_147' title='bbox 414 1219 763 1286; x_wconf 70' lang='lat' dir='ltr'>praetereundum</span> <span class='ocrx_word' id='word_1_148' title='bbox 783 1235 896 1285; x_wconf 91' lang='lat' dir='ltr'>puto</span> <span class='ocrx_word' id='word_1_149' title='bbox 928 1252 942 1273; x_wconf 92' lang='lat'>‚</span> <span class='ocrx_word' id='word_1_150' title='bbox 989 1220 1174 1287; x_wconf 83' lang='lat' dir='ltr'>qualiter</span> <span class='ocrx_word' id='word_1_151' title='bbox 1183 1222 1366 1270; x_wconf 84' lang='lat' dir='ltr'>coelestis</span> <span class='ocrx_word' id='word_1_152' title='bbox 1379 1221 1486 1288; x_wconf 78' lang='lat' dir='ltr'>signi</span> <span class='ocrx_word' id='word_1_153' title='bbox 1498 1224 1664 1272; x_wconf 79' lang='lat' dir='ltr'>visione</span> 
     </span>
     <span class='ocr_line' id='line_1_18' title="bbox 186 1286 1664 1354; baseline 0.003 -20"><span class='ocrx_word' id='word_1_154' title='bbox 186 1287 327 1352; x_wconf 90' lang='lat' dir='ltr'>ipsum</span> <span class='ocrx_word' id='word_1_155' title='bbox 342 1293 472 1334; x_wconf 86' lang='lat' dir='ltr'>etiam</span> <span class='ocrx_word' id='word_1_156' title='bbox 484 1287 675 1333; x_wconf 91' lang='lat' dir='ltr'>voluerit</span> <span class='ocrx_word' id='word_1_157' title='bbox 685 1291 912 1333; x_wconf 83' lang='lat' dir='ltr'>Dominus</span> <span class='ocrx_word' id='word_1_158' title='bbox 929 1286 1169 1334; x_wconf 83' lang='lat' dir='ltr'>mirificare.</span> <span class='ocrx_word' id='word_1_159' title='bbox 1216 1290 1334 1334; x_wconf 89' lang='lat' dir='ltr'>Nam</span> <span class='ocrx_word' id='word_1_160' title='bbox 1346 1295 1389 1335; x_wconf 91' lang='lat' dir='ltr'>in</span> <span class='ocrx_word' id='word_1_161' title='bbox 1401 1289 1486 1354; x_wconf 85' lang='lat' dir='ltr'>ipsa</span> <span class='ocrx_word' id='word_1_162' title='bbox 1497 1289 1664 1338; x_wconf 86' lang='lat' dir='ltr'>solenni</span> 
     </span>
     <span class='ocr_line' id='line_1_19' title="bbox 186 1350 1667 1411; baseline 0.003 -11"><span class='ocrx_word' id='word_1_163' title='bbox 186 1354 257 1400; x_wconf 90' lang='lat' dir='ltr'>die</span> <span class='ocrx_word' id='word_1_164' title='bbox 268 1353 397 1400; x_wconf 76' lang='lat' dir='ltr'>san&lt;9ti</span> <span class='ocrx_word' id='word_1_165' title='bbox 405 1353 572 1400; x_wconf 87' lang='lat' dir='ltr'>Paschae</span> <span class='ocrx_word' id='word_1_166' title='bbox 582 1386 596 1405; x_wconf 91' lang='lat'>,</span> <span class='ocrx_word' id='word_1_167' title='bbox 617 1352 757 1398; x_wconf 91' lang='lat' dir='ltr'>multa</span> <span class='ocrx_word' id='word_1_168' title='bbox 766 1350 954 1399; x_wconf 85' lang='lat' dir='ltr'>fratrum</span> <span class='ocrx_word' id='word_1_169' title='bbox 965 1367 1136 1400; x_wconf 85' lang='lat' dir='ltr'>caterva</span> <span class='ocrx_word' id='word_1_170' title='bbox 1145 1353 1335 1402; x_wconf 88' lang='lat' dir='ltr'>adstante</span> <span class='ocrx_word' id='word_1_171' title='bbox 1345 1392 1356 1411; x_wconf 94' lang='lat'>,</span> <span class='ocrx_word' id='word_1_172' title='bbox 1377 1355 1487 1402; x_wconf 89' lang='lat' dir='ltr'>dum</span> <span class='ocrx_word' id='word_1_173' title='bbox 1496 1356 1667 1405; x_wconf 55' lang='lat' dir='ltr'>sancius</span> 
     </span>
     <span class='ocr_line' id='line_1_20' title="bbox 183 1417 1668 1489; baseline 0.003 -22"><span class='ocrx_word' id='word_1_174' title='bbox 183 1420 379 1468; x_wconf 86' lang='lat' dir='ltr'>sacerdos</span> <span class='ocrx_word' id='word_1_175' title='bbox 391 1419 535 1467; x_wconf 86' lang='lat' dir='ltr'>divina</span> <span class='ocrx_word' id='word_1_176' title='bbox 544 1417 777 1465; x_wconf 83' lang='lat' dir='ltr'>celebraret</span> <span class='ocrx_word' id='word_1_177' title='bbox 796 1417 996 1483; x_wconf 86' lang='lat' dir='ltr'>mysteria</span> <span class='ocrx_word' id='word_1_178' title='bbox 1016 1453 1030 1471; x_wconf 85' lang='lat'>‚</span> <span class='ocrx_word' id='word_1_179' title='bbox 1066 1419 1242 1468; x_wconf 83' lang='lat' dir='ltr'>dextera</span> <span class='ocrx_word' id='word_1_180' title='bbox 1252 1421 1456 1488; x_wconf 60' lang='lat' dir='ltr'>quaedam</span> <span class='ocrx_word' id='word_1_181' title='bbox 1467 1430 1668 1489; x_wconf 85' lang='lat' dir='ltr'>apparuit</span> 
     </span>
     <span class='ocr_line' id='line_1_21' title="bbox 184 1483 1667 1554; baseline 0.002 -20"><span class='ocrx_word' id='word_1_182' title='bbox 184 1486 365 1552; x_wconf 89' lang='lat' dir='ltr'>superna</span> <span class='ocrx_word' id='word_1_183' title='bbox 378 1521 391 1539; x_wconf 88' lang='lat'>,</span> <span class='ocrx_word' id='word_1_184' title='bbox 410 1504 505 1554; x_wconf 82' lang='lat' dir='ltr'>quae</span> <span class='ocrx_word' id='word_1_185' title='bbox 516 1503 620 1532; x_wconf 91' lang='lat' dir='ltr'>cum</span> <span class='ocrx_word' id='word_1_186' title='bbox 634 1483 760 1549; x_wconf 86' lang='lat' dir='ltr'>ipfius</span> <span class='ocrx_word' id='word_1_187' title='bbox 780 1484 955 1531; x_wconf 85' lang='lat' dir='ltr'>dextera</span> <span class='ocrx_word' id='word_1_188' title='bbox 973 1484 1119 1533; x_wconf 89' lang='lat' dir='ltr'>divina</span> <span class='ocrx_word' id='word_1_189' title='bbox 1132 1485 1414 1534; x_wconf 65' lang='lat' dir='ltr'>san&amp;ificavit</span> <span class='ocrx_word' id='word_1_190' title='bbox 1428 1488 1667 1538; x_wconf 88' lang='lat' dir='ltr'>sacramen-</span> 
     </span>
     <span class='ocr_line' id='line_1_22' title="bbox 183 1550 1666 1622; baseline 0.003 -22"><span class='ocrx_word' id='word_1_191' title='bbox 183 1567 240 1600; x_wconf 88' lang='lat' dir='ltr'>ta.</span> <span class='ocrx_word' id='word_1_192' title='bbox 285 1554 477 1618; x_wconf 85' lang='lat' dir='ltr'>Expletis</span> <span class='ocrx_word' id='word_1_193' title='bbox 498 1553 606 1599; x_wconf 81' lang='lat' dir='ltr'>vero</span> <span class='ocrx_word' id='word_1_194' title='bbox 619 1550 843 1598; x_wconf 80' lang='lat' dir='ltr'>Missarum</span> <span class='ocrx_word' id='word_1_195' title='bbox 862 1550 1059 1598; x_wconf 84' lang='lat' dir='ltr'>solenniis</span> <span class='ocrx_word' id='word_1_196' title='bbox 1076 1588 1088 1608; x_wconf 90' lang='lat'>,</span> <span class='ocrx_word' id='word_1_197' title='bbox 1120 1552 1303 1620; x_wconf 86' lang='lat' dir='ltr'>quidam</span> <span class='ocrx_word' id='word_1_198' title='bbox 1324 1558 1541 1602; x_wconf 86' lang='lat' dir='ltr'>Henricus</span> <span class='ocrx_word' id='word_1_199' title='bbox 1550 1574 1666 1622; x_wconf 87' lang='lat' dir='ltr'>pres-</span> 
     </span>
     <span class='ocr_line' id='line_1_23' title="bbox 183 1616 1669 1687; baseline 0.003 -21"><span class='ocrx_word' id='word_1_200' title='bbox 183 1619 310 1682; x_wconf 84' lang='lat' dir='ltr'>byter</span> <span class='ocrx_word' id='word_1_201' title='bbox 332 1653 346 1672; x_wconf 92' lang='lat'>‚</span> <span class='ocrx_word' id='word_1_202' title='bbox 382 1623 458 1687; x_wconf 88' lang='lat' dir='ltr'>qui</span> <span class='ocrx_word' id='word_1_203' title='bbox 470 1635 523 1665; x_wconf 88' lang='lat' dir='ltr'>eo</span> <span class='ocrx_word' id='word_1_204' title='bbox 535 1616 604 1664; x_wconf 90' lang='lat' dir='ltr'>die</span> <span class='ocrx_word' id='word_1_205' title='bbox 612 1623 801 1665; x_wconf 85' lang='lat' dir='ltr'>cantoris</span> <span class='ocrx_word' id='word_1_206' title='bbox 812 1616 1010 1664; x_wconf 88' lang='lat' dir='ltr'>officium</span> <span class='ocrx_word' id='word_1_207' title='bbox 1024 1637 1154 1683; x_wconf 78' lang='lat' dir='ltr'>agens</span> <span class='ocrx_word' id='word_1_208' title='bbox 1166 1656 1176 1676; x_wconf 63' lang='lat' dir='ltr'><em>v</em></span> <span class='ocrx_word' id='word_1_209' title='bbox 1199 1634 1325 1667; x_wconf 88' lang='lat' dir='ltr'>tanto</span> <span class='ocrx_word' id='word_1_210' title='bbox 1336 1621 1532 1669; x_wconf 85' lang='lat' dir='ltr'>interfuit</span> <span class='ocrx_word' id='word_1_211' title='bbox 1543 1629 1669 1671; x_wconf 82' lang='lat' dir='ltr'>mira-</span> 
     </span>
     <span class='ocr_line' id='line_1_24' title="bbox 185 1683 1666 1754; baseline 0.002 -21"><span class='ocrx_word' id='word_1_212' title='bbox 185 1685 290 1733; x_wconf 91' lang='lat' dir='ltr'>culo</span> <span class='ocrx_word' id='word_1_213' title='bbox 302 1722 313 1742; x_wconf 89' lang='lat'>‚</span> <span class='ocrx_word' id='word_1_214' title='bbox 332 1684 510 1753; x_wconf 85' lang='lat' dir='ltr'>sequens</span> <span class='ocrx_word' id='word_1_215' title='bbox 523 1684 791 1750; x_wconf 85' lang='lat' dir='ltr'>Episcopum</span> <span class='ocrx_word' id='word_1_216' title='bbox 802 1683 937 1749; x_wconf 85' lang='lat' dir='ltr'>usque</span> <span class='ocrx_word' id='word_1_217' title='bbox 946 1689 988 1730; x_wconf 91' lang='lat' dir='ltr'>in</span> <span class='ocrx_word' id='word_1_218' title='bbox 1001 1685 1255 1733; x_wconf 87' lang='lat' dir='ltr'>cubiculum</span> <span class='ocrx_word' id='word_1_219' title='bbox 1267 1720 1280 1738; x_wconf 83' lang='lat'><em>‚</em></span> <span class='ocrx_word' id='word_1_220' title='bbox 1294 1687 1346 1733; x_wconf 92' lang='lat' dir='ltr'>ad</span> <span class='ocrx_word' id='word_1_221' title='bbox 1357 1694 1444 1749; x_wconf 88' lang='lat' dir='ltr'>ejus</span> <span class='ocrx_word' id='word_1_222' title='bbox 1458 1688 1585 1754; x_wconf 89' lang='lat' dir='ltr'>pedes</span> <span class='ocrx_word' id='word_1_223' title='bbox 1596 1708 1666 1736; x_wconf 89' lang='lat' dir='ltr'>ce-</span> 
     </span>
     <span class='ocr_line' id='line_1_25' title="bbox 183 1750 1666 1819; baseline 0.003 -20"><span class='ocrx_word' id='word_1_224' title='bbox 183 1752 289 1799; x_wconf 90' lang='lat' dir='ltr'>cidit</span> <span class='ocrx_word' id='word_1_225' title='bbox 303 1789 316 1809; x_wconf 91' lang='lat'>,</span> <span class='ocrx_word' id='word_1_226' title='bbox 337 1767 471 1819; x_wconf 89' lang='lat' dir='ltr'>atque</span> <span class='ocrx_word' id='word_1_227' title='bbox 480 1758 523 1798; x_wconf 91' lang='lat' dir='ltr'>in</span> <span class='ocrx_word' id='word_1_228' title='bbox 533 1750 750 1816; x_wconf 81' lang='lat' dir='ltr'>praesentia</span> <span class='ocrx_word' id='word_1_229' title='bbox 763 1750 1045 1815; x_wconf 89' lang='lat' dir='ltr'>popularium</span> <span class='ocrx_word' id='word_1_230' title='bbox 1057 1751 1336 1816; x_wconf 89' lang='lat' dir='ltr'>personarum</span> <span class='ocrx_word' id='word_1_231' title='bbox 1348 1755 1532 1802; x_wconf 86' lang='lat' dir='ltr'>eandem</span> <span class='ocrx_word' id='word_1_232' title='bbox 1542 1756 1666 1804; x_wconf 80' lang='lat' dir='ltr'>vifio-</span> 
     </span>
     <span class='ocr_line' id='line_1_26' title="bbox 181 1817 1664 1888; baseline 0.003 -23"><span class='ocrx_word' id='word_1_233' title='bbox 181 1837 286 1866; x_wconf 90' lang='lat' dir='ltr'>nem</span> <span class='ocrx_word' id='word_1_234' title='bbox 297 1824 442 1865; x_wconf 89' lang='lat' dir='ltr'>minus</span> <span class='ocrx_word' id='word_1_235' title='bbox 454 1819 579 1864; x_wconf 79' lang='lat' dir='ltr'>caute</span> <span class='ocrx_word' id='word_1_236' title='bbox 591 1817 850 1881; x_wconf 82' lang='lat' dir='ltr'>explanavit.</span> <span class='ocrx_word' id='word_1_237' title='bbox 898 1819 985 1863; x_wconf 87' lang='lat' dir='ltr'>Cui</span> <span class='ocrx_word' id='word_1_238' title='bbox 998 1823 1062 1865; x_wconf 89' lang='lat' dir='ltr'>vir</span> <span class='ocrx_word' id='word_1_239' title='bbox 1075 1822 1158 1865; x_wconf 91' lang='lat' dir='ltr'>Dei</span> <span class='ocrx_word' id='word_1_240' title='bbox 1173 1837 1182 1865; x_wconf 90' lang='lat'>:</span> <span class='ocrx_word' id='word_1_241' title='bbox 1197 1819 1354 1867; x_wconf 88' lang='lat' dir='ltr'>Melius</span> <span class='ocrx_word' id='word_1_242' title='bbox 1365 1854 1378 1873; x_wconf 93' lang='lat'><strong><em>,</em></strong></span> <span class='ocrx_word' id='word_1_243' title='bbox 1399 1826 1544 1888; x_wconf 88' lang='lat' dir='ltr'>inquit</span> <span class='ocrx_word' id='word_1_244' title='bbox 1557 1856 1569 1875; x_wconf 88' lang='lat'><em>,</em></span> <span class='ocrx_word' id='word_1_245' title='bbox 1585 1823 1664 1871; x_wconf 89' lang='lat' dir='ltr'>tibi</span> 
     </span>
     <span class='ocr_line' id='line_1_27' title="bbox 183 1882 1664 1951; baseline 0.003 -19"><span class='ocrx_word' id='word_1_246' title='bbox 183 1885 284 1932; x_wconf 83' lang='lat' dir='ltr'>esset</span> <span class='ocrx_word' id='word_1_247' title='bbox 292 1900 434 1932; x_wconf 87' lang='lat' dir='ltr'>tacere</span> <span class='ocrx_word' id='word_1_248' title='bbox 443 1921 454 1941; x_wconf 84' lang='lat'>‚</span> <span class='ocrx_word' id='word_1_249' title='bbox 466 1885 602 1951; x_wconf 74' lang='lat' dir='ltr'>quam</span> <span class='ocrx_word' id='word_1_250' title='bbox 614 1882 713 1929; x_wconf 87' lang='lat' dir='ltr'>talia</span> <span class='ocrx_word' id='word_1_251' title='bbox 724 1887 766 1929; x_wconf 87' lang='lat' dir='ltr'>in</span> <span class='ocrx_word' id='word_1_252' title='bbox 775 1901 895 1929; x_wconf 90' lang='lat' dir='ltr'>aures</span> <span class='ocrx_word' id='word_1_253' title='bbox 906 1883 1031 1948; x_wconf 81' lang='lat' dir='ltr'>vulgi</span> <span class='ocrx_word' id='word_1_254' title='bbox 1044 1884 1252 1948; x_wconf 88' lang='lat' dir='ltr'>proferre.</span> <span class='ocrx_word' id='word_1_255' title='bbox 1298 1891 1412 1934; x_wconf 86' lang='lat' dir='ltr'>Mox</span> <span class='ocrx_word' id='word_1_256' title='bbox 1424 1887 1492 1934; x_wconf 90' lang='lat' dir='ltr'>ille</span> <span class='ocrx_word' id='word_1_257' title='bbox 1503 1888 1664 1936; x_wconf 83' lang='lat' dir='ltr'>rubore</span> 
     </span>
     <span class='ocr_line' id='line_1_28' title="bbox 183 1947 1663 2019; baseline 0.002 -20"><span class='ocrx_word' id='word_1_258' title='bbox 183 1951 377 2019; x_wconf 87' lang='lat' dir='ltr'>perfusus</span> <span class='ocrx_word' id='word_1_259' title='bbox 386 1956 490 1998; x_wconf 81' lang='lat' dir='ltr'>exiit</span> <span class='ocrx_word' id='word_1_260' title='bbox 500 1987 511 2006; x_wconf 90' lang='lat'>,</span> <span class='ocrx_word' id='word_1_261' title='bbox 525 1953 625 1996; x_wconf 83' lang='lat' dir='ltr'>&amp;in</span> <span class='ocrx_word' id='word_1_262' title='bbox 636 1947 849 1996; x_wconf 83' lang='lat' dir='ltr'>vestibulo</span> <span class='ocrx_word' id='word_1_263' title='bbox 860 1948 1048 1996; x_wconf 91' lang='lat' dir='ltr'>cubiculi</span> <span class='ocrx_word' id='word_1_264' title='bbox 1057 1949 1255 2005; x_wconf 83' lang='lat' dir='ltr'>refidens,</span> <span class='ocrx_word' id='word_1_265' title='bbox 1269 1967 1406 2000; x_wconf 87' lang='lat' dir='ltr'>tantas</span> <span class='ocrx_word' id='word_1_266' title='bbox 1416 1954 1663 2019; x_wconf 82' lang='lat' dir='ltr'>lachrymas</span> 
     </span>
     <span class='ocr_line' id='line_1_29' title="bbox 183 2014 1663 2129; baseline 0.003 -64"><span class='ocrx_word' id='word_1_267' title='bbox 183 2018 327 2065; x_wconf 83' lang='lat' dir='ltr'>emifit</span> <span class='ocrx_word' id='word_1_268' title='bbox 343 2055 356 2074; x_wconf 88' lang='lat'>,</span> <span class='ocrx_word' id='word_1_269' title='bbox 390 2032 442 2065; x_wconf 93' lang='lat' dir='ltr'>ut</span> <span class='ocrx_word' id='word_1_270' title='bbox 453 2035 506 2064; x_wconf 84' lang='lat' dir='ltr'>ex</span> <span class='ocrx_word' id='word_1_271' title='bbox 516 2015 690 2062; x_wconf 81' lang='lat' dir='ltr'>illarum</span> <span class='ocrx_word' id='word_1_272' title='bbox 699 2014 932 2062; x_wconf 81' lang='lat' dir='ltr'>suffufione</span> <span class='ocrx_word' id='word_1_273' title='bbox 944 2032 1178 2129; x_wconf 39' lang='lat' dir='ltr'>coperetur</span> <span class='ocrx_word' id='word_1_274' title='bbox 1188 2018 1293 2066; x_wconf 88' lang='lat' dir='ltr'>lucis</span> <span class='ocrx_word' id='word_1_275' title='bbox 1307 2019 1434 2081; x_wconf 85' lang='lat' dir='ltr'>hujus</span> <span class='ocrx_word' id='word_1_276' title='bbox 1445 2019 1663 2086; x_wconf 88' lang='lat' dir='ltr'>dispendia</span> 
     </span>
     <span class='ocr_line' id='line_1_30' title="bbox 185 2083 1663 2150; baseline 0.002 -18"><span class='ocrx_word' id='word_1_277' title='bbox 185 2085 398 2132; x_wconf 83' lang='lat' dir='ltr'>sustinere.</span> <span class='ocrx_word' id='word_1_278' title='bbox 465 2088 543 2131; x_wconf 92' lang='lat' dir='ltr'>Vir</span> <span class='ocrx_word' id='word_1_279' title='bbox 553 2096 702 2129; x_wconf 90' lang='lat' dir='ltr'>autem</span> <span class='ocrx_word' id='word_1_280' title='bbox 713 2086 796 2129; x_wconf 83' lang='lat' dir='ltr'>Dei</span> <span class='ocrx_word' id='word_1_281' title='bbox 808 2099 984 2129; x_wconf 89' lang='lat' dir='ltr'>memor</span> <span class='ocrx_word' id='word_1_282' title='bbox 1013 2102 1076 2130; x_wconf 86' lang='lat' dir='ltr'>uae</span> <span class='ocrx_word' id='word_1_283' title='bbox 1094 2083 1340 2150; x_wconf 83' lang='lat' dir='ltr'>fragilitatis</span> <span class='ocrx_word' id='word_1_284' title='bbox 1359 2123 1372 2142; x_wconf 87' lang='lat'>‚</span> <span class='ocrx_word' id='word_1_285' title='bbox 1400 2088 1589 2135; x_wconf 78' lang='lat' dir='ltr'>&#39;cavebat</span> <span class='ocrx_word' id='word_1_286' title='bbox 1599 2087 1663 2136; x_wconf 74' lang='lat' dir='ltr'>fa-</span> 
     </span>
     <span class='ocr_line' id='line_1_31' title="bbox 186 2148 1665 2217; baseline 0.003 -18"><span class='ocrx_word' id='word_1_287' title='bbox 186 2170 344 2200; x_wconf 89' lang='lat' dir='ltr'>vorem</span> <span class='ocrx_word' id='word_1_288' title='bbox 355 2152 557 2198; x_wconf 84' lang='lat' dir='ltr'>humanae</span> <span class='ocrx_word' id='word_1_289' title='bbox 567 2148 700 2196; x_wconf 87' lang='lat' dir='ltr'>laudis</span> <span class='ocrx_word' id='word_1_290' title='bbox 710 2185 721 2206; x_wconf 91' lang='lat'>,</span> <span class='ocrx_word' id='word_1_291' title='bbox 738 2167 793 2195; x_wconf 93' lang='lat' dir='ltr'>ne</span> <span class='ocrx_word' id='word_1_292' title='bbox 805 2148 978 2196; x_wconf 86' lang='lat' dir='ltr'>caderet</span> <span class='ocrx_word' id='word_1_293' title='bbox 985 2154 1029 2197; x_wconf 92' lang='lat' dir='ltr'>in</span> <span class='ocrx_word' id='word_1_294' title='bbox 1039 2157 1326 2217; x_wconf 67' lang='lat' dir='ltr'>praecipitium</span> <span class='ocrx_word' id='word_1_295' title='bbox 1337 2152 1548 2208; x_wconf 87' lang='lat' dir='ltr'>elationis,</span> <span class='ocrx_word' id='word_1_296' title='bbox 1561 2149 1665 2203; x_wconf 85' lang='lat' dir='ltr'>sem-</span> 
     </span>
     <span class='ocr_line' id='line_1_32' title="bbox 186 2215 1663 2284; baseline 0.002 -19"><span class='ocrx_word' id='word_1_297' title='bbox 186 2237 262 2284; x_wconf 90' lang='lat' dir='ltr'>per</span> <span class='ocrx_word' id='word_1_298' title='bbox 271 2224 428 2284; x_wconf 84' lang='lat' dir='ltr'>gratias</span> <span class='ocrx_word' id='word_1_299' title='bbox 448 2235 579 2283; x_wconf 80' lang='lat' dir='ltr'>agens</span> <span class='ocrx_word' id='word_1_300' title='bbox 591 2220 692 2263; x_wconf 93' lang='lat' dir='ltr'>Deo</span> <span class='ocrx_word' id='word_1_301' title='bbox 714 2215 837 2281; x_wconf 86' lang='lat' dir='ltr'>super</span> <span class='ocrx_word' id='word_1_302' title='bbox 848 2217 1115 2264; x_wconf 86' lang='lat' dir='ltr'>inenarrabili</span> <span class='ocrx_word' id='word_1_303' title='bbox 1137 2224 1225 2278; x_wconf 89' lang='lat' dir='ltr'>ejus</span> <span class='ocrx_word' id='word_1_304' title='bbox 1238 2218 1362 2267; x_wconf 92' lang='lat' dir='ltr'>dono</span> <span class='ocrx_word' id='word_1_305' title='bbox 1390 2237 1403 2265; x_wconf 89' lang='lat'><strong>:</strong></span> <span class='ocrx_word' id='word_1_306' title='bbox 1433 2224 1479 2267; x_wconf 66' lang='grc' dir='ltr'>ὃς</span> <span class='ocrx_word' id='word_1_307' title='bbox 1491 2220 1599 2268; x_wconf 88' lang='lat' dir='ltr'>ficut</span> <span class='ocrx_word' id='word_1_308' title='bbox 1608 2220 1663 2268; x_wconf 88' lang='lat' dir='ltr'>de</span> 
     </span>
     <span class='ocr_line' id='line_1_33' title="bbox 187 2281 1662 2350; baseline 0.002 -18"><span class='ocrx_word' id='word_1_309' title='bbox 187 2285 340 2332; x_wconf 68' lang='lat' dir='ltr'>san&amp;is</span> <span class='ocrx_word' id='word_1_310' title='bbox 351 2285 562 2350; x_wconf 83' lang='lat' dir='ltr'>scriptum</span> <span class='ocrx_word' id='word_1_311' title='bbox 573 2282 632 2331; x_wconf 89' lang='lat' dir='ltr'>est</span> <span class='ocrx_word' id='word_1_312' title='bbox 652 2302 663 2330; x_wconf 89' lang='lat'>:</span> <span class='ocrx_word' id='word_1_313' title='bbox 685 2282 813 2330; x_wconf 87' lang='lat' dir='ltr'>Ibunt</span> <span class='ocrx_word' id='word_1_314' title='bbox 823 2281 877 2330; x_wconf 90' lang='lat' dir='ltr'>de</span> <span class='ocrx_word' id='word_1_315' title='bbox 889 2288 1050 2331; x_wconf 89' lang='lat' dir='ltr'>virtute</span> <span class='ocrx_word' id='word_1_316' title='bbox 1059 2288 1103 2331; x_wconf 92' lang='lat' dir='ltr'>in</span> <span class='ocrx_word' id='word_1_317' title='bbox 1113 2289 1342 2340; x_wconf 89' lang='lat' dir='ltr'>virtutem,</span> <span class='ocrx_word' id='word_1_318' title='bbox 1354 2287 1477 2334; x_wconf 89' lang='lat' dir='ltr'>velut</span> <span class='ocrx_word' id='word_1_319' title='bbox 1489 2287 1662 2335; x_wconf 86' lang='lat' dir='ltr'>coeleste</span> 
     </span>
     <span class='ocr_line' id='line_1_34' title="bbox 187 2349 1665 2414; baseline 0.001 -15"><span class='ocrx_word' id='word_1_320' title='bbox 187 2350 349 2400; x_wconf 88' lang='lat' dir='ltr'>animal</span> <span class='ocrx_word' id='word_1_321' title='bbox 365 2388 377 2408; x_wconf 92' lang='lat'>,</span> <span class='ocrx_word' id='word_1_322' title='bbox 409 2365 509 2398; x_wconf 90' lang='lat' dir='ltr'>ante</span> <span class='ocrx_word' id='word_1_323' title='bbox 522 2351 680 2398; x_wconf 84' lang='lat' dir='ltr'>faciem</span> <span class='ocrx_word' id='word_1_324' title='bbox 690 2349 810 2397; x_wconf 91' lang='lat' dir='ltr'>suam</span> <span class='ocrx_word' id='word_1_325' title='bbox 821 2350 1097 2414; x_wconf 78' lang='lat' dir='ltr'>gradiebatur</span> <span class='ocrx_word' id='word_1_326' title='bbox 1123 2387 1136 2407; x_wconf 90' lang='lat'><strong>‚</strong></span> <span class='ocrx_word' id='word_1_327' title='bbox 1169 2366 1220 2399; x_wconf 89' lang='lat' dir='ltr'>ut</span> <span class='ocrx_word' id='word_1_328' title='bbox 1232 2354 1286 2399; x_wconf 78' lang='lat' dir='ltr'>eo</span> <span class='ocrx_word' id='word_1_329' title='bbox 1298 2368 1447 2401; x_wconf 91' lang='lat' dir='ltr'>mente</span> <span class='ocrx_word' id='word_1_330' title='bbox 1465 2354 1665 2401; x_wconf 59' lang='lat' dir='ltr'>conscena</span> 
     </span>
     <span class='ocr_line' id='line_1_35' title="bbox 185 2417 1667 2486; baseline 0.002 -21"><span class='ocrx_word' id='word_1_331' title='bbox 185 2418 310 2466; x_wconf 88' lang='lat' dir='ltr'>deret</span> <span class='ocrx_word' id='word_1_332' title='bbox 324 2454 337 2475; x_wconf 88' lang='lat'>,</span> <span class='ocrx_word' id='word_1_333' title='bbox 366 2419 460 2484; x_wconf 81' lang='lat' dir='ltr'>quo</span> <span class='ocrx_word' id='word_1_334' title='bbox 478 2435 583 2464; x_wconf 90' lang='lat' dir='ltr'>eum</span> <span class='ocrx_word' id='word_1_335' title='bbox 603 2423 794 2483; x_wconf 87' lang='lat' dir='ltr'>impetus</span> <span class='ocrx_word' id='word_1_336' title='bbox 815 2417 983 2482; x_wconf 87' lang='lat' dir='ltr'>spiritus</span> <span class='ocrx_word' id='word_1_337' title='bbox 1003 2417 1192 2466; x_wconf 90' lang='lat' dir='ltr'>duceret.</span> <span class='ocrx_word' id='word_1_338' title='bbox 1238 2422 1321 2466; x_wconf 88' lang='lat' dir='ltr'>His</span> <span class='ocrx_word' id='word_1_339' title='bbox 1330 2426 1549 2468; x_wconf 87' lang='lat' dir='ltr'>virtutum</span> <span class='ocrx_word' id='word_1_340' title='bbox 1567 2438 1667 2486; x_wconf 81' lang='lat' dir='ltr'>gra.-</span> 
     </span>
     <span class='ocr_line' id='line_1_36' title="bbox 185 2483 1664 2552; baseline 0.001 -20"><span class='ocrx_word' id='word_1_341' title='bbox 185 2485 312 2533; x_wconf 88' lang='lat' dir='ltr'>dibus</span> <span class='ocrx_word' id='word_1_342' title='bbox 322 2483 375 2531; x_wconf 88' lang='lat' dir='ltr'>ad</span> <span class='ocrx_word' id='word_1_343' title='bbox 387 2484 471 2531; x_wconf 89' lang='lat' dir='ltr'>alta</span> <span class='ocrx_word' id='word_1_344' title='bbox 482 2483 712 2550; x_wconf 86' lang='lat' dir='ltr'>proficiens</span> <span class='ocrx_word' id='word_1_345' title='bbox 724 2521 736 2541; x_wconf 94' lang='lat'>,</span> <span class='ocrx_word' id='word_1_346' title='bbox 762 2483 952 2552; x_wconf 89' lang='lat' dir='ltr'>quadarn</span> <span class='ocrx_word' id='word_1_347' title='bbox 964 2485 1115 2537; x_wconf 65' lang='lat' dir='ltr'>nodie,</span> <span class='ocrx_word' id='word_1_348' title='bbox 1139 2504 1236 2551; x_wconf 87' lang='lat' dir='ltr'>quae</span> <span class='ocrx_word' id='word_1_349' title='bbox 1256 2486 1536 2534; x_wconf 86' lang='lat' dir='ltr'>antecedebat</span> <span class='ocrx_word' id='word_1_350' title='bbox 1545 2486 1664 2535; x_wconf 88' lang='lat' dir='ltr'>diem</span> 
     </span>
     <span class='ocr_line' id='line_1_37' title="bbox 186 2550 1664 2619; baseline 0.001 -20"><span class='ocrx_word' id='word_1_351' title='bbox 186 2552 386 2600; x_wconf 53' lang='lat' dir='ltr'>sanffltum</span> <span class='ocrx_word' id='word_1_352' title='bbox 403 2585 416 2604; x_wconf 93' lang='lat'>,</span> <span class='ocrx_word' id='word_1_353' title='bbox 450 2569 587 2619; x_wconf 89' lang='lat' dir='ltr'>quem</span> <span class='ocrx_word' id='word_1_354' title='bbox 604 2550 721 2597; x_wconf 89' lang='lat' dir='ltr'>diem</span> <span class='ocrx_word' id='word_1_355' title='bbox 738 2551 1018 2616; x_wconf 67' lang='lat' dir='ltr'>indulgentias</span> <span class='ocrx_word' id='word_1_356' title='bbox 1043 2550 1114 2598; x_wconf 89' lang='lat' dir='ltr'>vel</span> <span class='ocrx_word' id='word_1_357' title='bbox 1127 2554 1320 2600; x_wconf 85' lang='lat' dir='ltr'>Coenam</span> <span class='ocrx_word' id='word_1_358' title='bbox 1329 2557 1515 2601; x_wconf 87' lang='lat' dir='ltr'>Domini</span> <span class='ocrx_word' id='word_1_359' title='bbox 1533 2551 1664 2600; x_wconf 91' lang='lat' dir='ltr'>Chri-</span> 
     </span>
     <span class='ocr_line' id='line_1_38' title="bbox 183 2616 1663 2683; baseline 0.001 -17"><span class='ocrx_word' id='word_1_360' title='bbox 183 2618 313 2667; x_wconf 85' lang='lat' dir='ltr'>stiana</span> <span class='ocrx_word' id='word_1_361' title='bbox 322 2618 476 2683; x_wconf 84' lang='lat' dir='ltr'>religio</span> <span class='ocrx_word' id='word_1_362' title='bbox 487 2635 645 2665; x_wconf 86' lang='lat' dir='ltr'>vocare</span> <span class='ocrx_word' id='word_1_363' title='bbox 657 2616 895 2671; x_wconf 89' lang='lat' dir='ltr'>consuevit,</span> <span class='ocrx_word' id='word_1_364' title='bbox 901 2636 992 2665; x_wconf 88' lang='lat' dir='ltr'>vox</span> <span class='ocrx_word' id='word_1_365' title='bbox 1004 2620 1204 2682; x_wconf 71' lang='lat' dir='ltr'>quaedam</span> <span class='ocrx_word' id='word_1_366' title='bbox 1213 2618 1343 2666; x_wconf 83' lang='lat' dir='ltr'>beato</span> <span class='ocrx_word' id='word_1_367' title='bbox 1355 2619 1411 2667; x_wconf 90' lang='lat' dir='ltr'>fic</span> <span class='ocrx_word' id='word_1_368' title='bbox 1422 2624 1480 2667; x_wconf 90' lang='lat' dir='ltr'>ait</span> <span class='ocrx_word' id='word_1_369' title='bbox 1490 2625 1533 2666; x_wconf 90' lang='lat' dir='ltr'>in</span> <span class='ocrx_word' id='word_1_370' title='bbox 1544 2618 1636 2667; x_wconf 88' lang='lat' dir='ltr'>visu</span> <span class='ocrx_word' id='word_1_371' title='bbox 1646 2634 1663 2668; x_wconf 68' lang='grc' dir='ltr'><strong><em>ε</em></strong></span> 
     </span>
     <span class='ocr_line' id='line_1_39' title="bbox 185 2683 1663 2753; baseline 0 -20"><span class='ocrx_word' id='word_1_372' title='bbox 185 2685 385 2733; x_wconf 86' lang='lat' dir='ltr'>Udalrice</span> <span class='ocrx_word' id='word_1_373' title='bbox 396 2685 609 2751; x_wconf 87' lang='lat' dir='ltr'>Episcope</span> <span class='ocrx_word' id='word_1_374' title='bbox 621 2721 633 2742; x_wconf 92' lang='lat'>,</span> <span class='ocrx_word' id='word_1_375' title='bbox 658 2683 757 2731; x_wconf 85' lang='lat' dir='ltr'>scias</span> <span class='ocrx_word' id='word_1_376' title='bbox 767 2699 809 2731; x_wconf 90' lang='lat' dir='ltr'>te</span> <span class='ocrx_word' id='word_1_377' title='bbox 819 2683 1006 2751; x_wconf 87' lang='lat' dir='ltr'>hospites</span> <span class='ocrx_word' id='word_1_378' title='bbox 1026 2685 1320 2752; x_wconf 88' lang='lat' dir='ltr'>suscepturum</span> <span class='ocrx_word' id='word_1_379' title='bbox 1334 2686 1426 2733; x_wconf 80' lang='lat' dir='ltr'>esse.</span> <span class='ocrx_word' id='word_1_380' title='bbox 1496 2689 1663 2753; x_wconf 88' lang='lat' dir='ltr'>Exper-</span> 
     </span>
     <span class='ocr_line' id='line_1_40' title="bbox 186 2751 1663 2819; baseline 0.001 -20"><span class='ocrx_word' id='word_1_381' title='bbox 186 2751 400 2818; x_wconf 63' lang='lat' dir='ltr'>gefastus,</span> <span class='ocrx_word' id='word_1_382' title='bbox 418 2758 556 2818; x_wconf 86' lang='lat' dir='ltr'>coepit</span> <span class='ocrx_word' id='word_1_383' title='bbox 568 2751 713 2799; x_wconf 89' lang='lat' dir='ltr'>secum</span> <span class='ocrx_word' id='word_1_384' title='bbox 725 2751 979 2799; x_wconf 88' lang='lat' dir='ltr'>admirando</span> <span class='ocrx_word' id='word_1_385' title='bbox 991 2753 1173 2800; x_wconf 59' lang='lat' dir='ltr'>traAE‘tare</span> <span class='ocrx_word' id='word_1_386' title='bbox 1183 2787 1195 2805; x_wconf 84' lang='lat'><strong><em>,</em></strong></span> <span class='ocrx_word' id='word_1_387' title='bbox 1210 2758 1392 2819; x_wconf 89' lang='lat' dir='ltr'>quinam</span> <span class='ocrx_word' id='word_1_388' title='bbox 1404 2752 1464 2799; x_wconf 91' lang='lat' dir='ltr'>illi</span> <span class='ocrx_word' id='word_1_389' title='bbox 1475 2752 1663 2819; x_wconf 85' lang='lat' dir='ltr'>hospites</span> 
     </span>
     <span class='ocr_line' id='line_1_41' title="bbox 184 2817 1663 2887; baseline 0.001 -21"><span class='ocrx_word' id='word_1_390' title='bbox 184 2819 325 2866; x_wconf 88' lang='lat' dir='ltr'>futuri</span> <span class='ocrx_word' id='word_1_391' title='bbox 336 2817 477 2866; x_wconf 79' lang='lat' dir='ltr'>essent.</span> <span class='ocrx_word' id='word_1_392' title='bbox 523 2823 630 2867; x_wconf 90' lang='lat' dir='ltr'>Non</span> <span class='ocrx_word' id='word_1_393' title='bbox 639 2823 755 2865; x_wconf 91' lang='lat' dir='ltr'>enim</span> <span class='ocrx_word' id='word_1_394' title='bbox 770 2833 859 2866; x_wconf 90' lang='lat' dir='ltr'>erat</span> <span class='ocrx_word' id='word_1_395' title='bbox 876 2824 1010 2865; x_wconf 86' lang='lat' dir='ltr'>inanis</span> <span class='ocrx_word' id='word_1_396' title='bbox 1021 2818 1228 2885; x_wconf 87' lang='lat' dir='ltr'>soporille</span> <span class='ocrx_word' id='word_1_397' title='bbox 1244 2855 1256 2876; x_wconf 88' lang='lat'>‚</span> <span class='ocrx_word' id='word_1_398' title='bbox 1286 2824 1362 2887; x_wconf 89' lang='lat' dir='ltr'>qui</span> <span class='ocrx_word' id='word_1_399' title='bbox 1376 2818 1482 2867; x_wconf 88' lang='lat' dir='ltr'>solet</span> <span class='ocrx_word' id='word_1_400' title='bbox 1492 2818 1663 2887; x_wconf 89' lang='lat' dir='ltr'>aliquo-</span> 
     </span>
     <span class='ocr_line' id='line_1_42' title="bbox 185 2884 1660 2954; baseline 0.001 -21"><span class='ocrx_word' id='word_1_401' title='bbox 185 2891 264 2933; x_wconf 84' lang='lat' dir='ltr'>ties</span> <span class='ocrx_word' id='word_1_402' title='bbox 276 2885 513 2932; x_wconf 87' lang='lat' dir='ltr'>hominum</span> <span class='ocrx_word' id='word_1_403' title='bbox 523 2899 691 2932; x_wconf 88' lang='lat' dir='ltr'>mentes</span> <span class='ocrx_word' id='word_1_404' title='bbox 701 2885 878 2932; x_wconf 90' lang='lat' dir='ltr'>illudere</span> <span class='ocrx_word' id='word_1_405' title='bbox 896 2904 906 2932; x_wconf 76' lang='grc' dir='ltr'><em>ε</em></span> <span class='ocrx_word' id='word_1_406' title='bbox 926 2884 994 2932; x_wconf 93' lang='lat' dir='ltr'>sed</span> <span class='ocrx_word' id='word_1_407' title='bbox 1004 2886 1096 2933; x_wconf 89' lang='lat' dir='ltr'>talis</span> <span class='ocrx_word' id='word_1_408' title='bbox 1109 2892 1254 2951; x_wconf 90' lang='lat' dir='ltr'>potius</span> <span class='ocrx_word' id='word_1_409' title='bbox 1274 2919 1288 2938; x_wconf 90' lang='lat'>,</span> <span class='ocrx_word' id='word_1_410' title='bbox 1324 2886 1441 2954; x_wconf 17' lang='lat' dir='ltr'>qua-li</span> <span class='ocrx_word' id='word_1_411' title='bbox 1460 2886 1607 2952; x_wconf 78' lang='lat' dir='ltr'>sponsa</span> <span class='ocrx_word' id='word_1_412' title='bbox 1618 2887 1660 2934; x_wconf 87' lang='lat' dir='ltr'>se</span> 
     </span>
     <span class='ocr_line' id='line_1_43' title="bbox 185 2951 1659 3020; baseline 0.001 -20"><span class='ocrx_word' id='word_1_413' title='bbox 185 2952 291 3000; x_wconf 89' lang='lat' dir='ltr'>dicit</span> <span class='ocrx_word' id='word_1_414' title='bbox 301 2957 345 2999; x_wconf 89' lang='lat' dir='ltr'>in</span> <span class='ocrx_word' id='word_1_415' title='bbox 355 2957 516 3000; x_wconf 88' lang='lat' dir='ltr'>amoris</span> <span class='ocrx_word' id='word_1_416' title='bbox 527 2955 715 2998; x_wconf 87' lang='lat' dir='ltr'>Cantico</span> <span class='ocrx_word' id='word_1_417' title='bbox 726 2951 981 2999; x_wconf 90' lang='lat' dir='ltr'>obdormire</span> <span class='ocrx_word' id='word_1_418' title='bbox 1025 2971 1036 2999; x_wconf 90' lang='lat'><strong>:</strong></span> <span class='ocrx_word' id='word_1_419' title='bbox 1079 2953 1181 3017; x_wconf 84' lang='lat' dir='ltr'>Ego</span> <span class='ocrx_word' id='word_1_420' title='bbox 1193 2989 1204 3009; x_wconf 87' lang='lat'>‚</span> <span class='ocrx_word' id='word_1_421' title='bbox 1222 2958 1384 3020; x_wconf 86' lang='lat' dir='ltr'>inquit,</span> <span class='ocrx_word' id='word_1_422' title='bbox 1394 2952 1592 3011; x_wconf 86' lang='lat' dir='ltr'>dormio,</span> <span class='ocrx_word' id='word_1_423' title='bbox 1611 2957 1659 3001; x_wconf 72' lang='grc' dir='ltr'>δε</span> 
     </span>
     <span class='ocr_line' id='line_1_44' title="bbox 185 3015 1658 3088; baseline 0 -21"><span class='ocrx_word' id='word_1_424' title='bbox 185 3037 263 3067; x_wconf 91' lang='lat' dir='ltr'>cor</span> <span class='ocrx_word' id='word_1_425' title='bbox 277 3036 428 3066; x_wconf 89' lang='lat' dir='ltr'>meum</span> <span class='ocrx_word' id='word_1_426' title='bbox 439 3018 725 3083; x_wconf 78' lang='lat' dir='ltr'>vigilat.Talis</span> <span class='ocrx_word' id='word_1_427' title='bbox 733 3023 867 3084; x_wconf 84' lang='lat' dir='ltr'>igitur</span> <span class='ocrx_word' id='word_1_428' title='bbox 876 3019 1015 3066; x_wconf 90' lang='lat' dir='ltr'>somni</span> <span class='ocrx_word' id='word_1_429' title='bbox 1027 3015 1134 3065; x_wconf 91' lang='lat' dir='ltr'>dum</span> <span class='ocrx_word' id='word_1_430' title='bbox 1146 3024 1211 3065; x_wconf 89' lang='lat' dir='ltr'>vir</span> <span class='ocrx_word' id='word_1_431' title='bbox 1222 3024 1305 3066; x_wconf 92' lang='lat' dir='ltr'>Dei</span> <span class='ocrx_word' id='word_1_432' title='bbox 1315 3019 1529 3067; x_wconf 87' lang='lat' dir='ltr'>frueretur</span> <span class='ocrx_word' id='word_1_433' title='bbox 1541 3025 1658 3088; x_wconf 72' lang='lat' dir='ltr'>quie-</span> 
     </span>
     <span class='ocr_line' id='line_1_45' title="bbox 187 3083 1656 3145; baseline 0.001 -12"><span class='ocrx_word' id='word_1_434' title='bbox 187 3100 231 3133; x_wconf 89' lang='lat' dir='ltr'>te</span> <span class='ocrx_word' id='word_1_435' title='bbox 241 3123 253 3145; x_wconf 89' lang='lat'>,</span> <span class='ocrx_word' id='word_1_436' title='bbox 269 3092 429 3134; x_wconf 87' lang='lat' dir='ltr'>iterum</span> <span class='ocrx_word' id='word_1_437' title='bbox 453 3102 615 3135; x_wconf 88' lang='lat' dir='ltr'>vocem</span> <span class='ocrx_word' id='word_1_438' title='bbox 631 3089 676 3132; x_wconf 91' lang='lat' dir='ltr'>in</span> <span class='ocrx_word' id='word_1_439' title='bbox 684 3083 776 3134; x_wconf 84' lang='lat' dir='ltr'>haec</span> <span class='ocrx_word' id='word_1_440' title='bbox 793 3086 924 3137; x_wconf 88' lang='lat' dir='ltr'>verba</span> <span class='ocrx_word' id='word_1_441' title='bbox 936 3088 1096 3131; x_wconf 85' lang='lat' dir='ltr'>meruit</span> <span class='ocrx_word' id='word_1_442' title='bbox 1104 3085 1251 3134; x_wconf 86' lang='lat' dir='ltr'>audire</span> <span class='ocrx_word' id='word_1_443' title='bbox 1284 3105 1297 3134; x_wconf 73' lang='grc' dir='ltr'><em>τ</em></span> <span class='ocrx_word' id='word_1_444' title='bbox 1331 3090 1557 3136; x_wconf 86' lang='lat' dir='ltr'>Orationis</span> <span class='ocrx_word' id='word_1_445' title='bbox 1569 3101 1656 3134; x_wconf 86' lang='lat' dir='ltr'>tuae</span> 
     </span>
    </p>
   </div>
   <div class='ocr_carea' id='block_1_3' title="bbox 989 3150 1657 3203">
    <p class='ocr_par' dir='ltr' id='par_1_4' title="bbox 989 3150 1657 3203">
     <span class='ocr_line' id='line_1_46' title="bbox 989 3150 1657 3203; baseline 0.001 -5"><span class='ocrx_word' id='word_1_446' title='bbox 989 3154 1021 3199; x_wconf 88' lang='lat' dir='ltr'>F</span> <span class='ocrx_word' id='word_1_447' title='bbox 1032 3150 1088 3199; x_wconf 87' lang='lat' dir='ltr'>ff</span> <span class='ocrx_word' id='word_1_448' title='bbox 1127 3170 1151 3201; x_wconf 88' lang='lat'>2</span> <span class='ocrx_word' id='word_1_449' title='bbox 1494 3150 1657 3203; x_wconf 74' lang='lat' dir='ltr'>&amp;elee-</span> 
     </span>
    </p>
   </div>
   <div class='ocr_carea' id='block_1_4' title="bbox 1685 1253 1811 1305">
    <p class='ocr_par' dir='ltr' id='par_1_5' title="bbox 1685 1253 1811 1305">
     <span class='ocr_line' id='line_1_47' title="bbox 1685 1253 1811 1305; baseline 0.024 -17"><span class='ocrx_word' id='word_1_450' title='bbox 1685 1253 1811 1305; x_wconf 52' lang='lat' dir='ltr'>Capu&amp;</span> 
     </span>
    </p>
   </div>
  </div>
 </body>
</html>
