2260 3454
295 831 351 878 V
346 830 569 878 indelicam
719 871 722 874 .

766 168 979 200 LIBER
1032 167 1318 203 PRIMVS.
1688 173 1777 224 193

303 234 476 278 Eorum
495 236 635 294 magis
656 229 870 276 sententiae
882 229 960 276 sim
980 263 993 281 ‚
1015 236 1091 297 qui
1103 233 1127 276 a
1140 231 1294 278 Vindae
1308 232 1417 296 (five
1428 223 1640 281 Vindonis
1651 238 1779 283 reed-

303 316 354 344 us
365 296 444 360 est)
457 299 502 342 &
513 299 624 361 Lyci
636 295 954 343 confluentibus
965 302 1202 362 opinantur
1212 296 1464 345 deduCtum.
1521 303 1673 363 Qam
1684 316 1779 367 ety-

302 363 553 427 mologiam
572 362 812 425 majoribus
835 364 1049 429 praecipue
1067 363 1268 428 placuiss'e
1287 371 1472 429 reperio,
1505 370 1549 413 ὃς
1580 367 1778 434 plerique

300 429 544 476 litterarum
553 435 761 494 opinione
773 430 874 477 clari
885 429 1088 479 homines
1099 429 1269 498 sequuti
1279 430 1388 478 sunt.
1457 431 1666 478 Ricardus
1676 469 1686 488 ‚
1698 440 1775 500 qui
1789 465 1868 495 mea,
1878 467 1957 497 Aust·

297 498 406 560 Imp.
421 497 708 543 Maximiliani
719 500 751 543 F
753 496 922 543 riderici
940 501 984 544 F.
996 515 1059 543 res
1070 496 1225 562 gestas,
1244 516 1338 546 non
1357 497 1626 563 ineptiffimis
1645 499 1770 547 verfi-
1787 505 1869 535 ΗΜ·

296 562 376 608 bus
386 562 870 619 illustravit,commode
878 563 1095 630 expreffit,

296 625 481 693 Respicit
492 629 547 679 ὅ
561 626 819 694 ίαΐὲβιι-υἱος
829 629 1056 696 Vindamq}
1068 629 1271 696 Lycmnffi',

296 692 539 759 spltscentes
550 697 697 750 undas,
714 698 769 747 65
777 698 951 745 nomina
964 698 1133 750 littori&
1147 699 1259 745 unde

294 763 535 827 Antiquam
541 763 965 830 gentemfflopulumq}
977 763 1159 831 urbemq}
1170 776 1387 813 vocarunt

292 896 423 944 Clam
435 916 507 944 me
519 917 610 946 non
622 898 680 946 est
699 935 712 956 ,
732 898 824 947 haec
837 899 924 946 effu
931 901 973 946 se
984 898 1108 946 rideri
1128 898 1182 946 ab
1193 903 1432 954 Aventino,
1452 901 1496 945 δε
1516 913 1587 946 tot
1606 900 1768 947 cavillis

293 970 527 1030 exagitari,
540 981 590 1012 ut
601 966 840 1012 verborum
851 966 1131 1013 vehementia
1144 964 1413 1012 absterruerit
1422 966 1602 1022 multos,
1623 986 1677 1013 ne
1689 966 1763 1013 fibi
1779 1007 1873 1034 Avens
1887 1015 1939 1034 no-

291 1035 336 1077 in
347 1037 481 1078 veteri
492 1031 697 1079 sententia
707 1031 1016 1098 persistendum
1027 1031 1320 1078 existimarint.
1334 1034 1542 1098 Iniquum
1554 1031 1762 1099 essequo·
1779 1028 1913 1090 menclsst-
1928 1077 1934 1083 .

290 1096 394 1144 dam
405 1097 523 1151 loco,
539 1099 626 1145 hoc
637 1099 776 1163 ipsum
789 1104 1008 1161 attingens
1017 1111 1333 1161 argumentum
1345 1102 1404 1144 ait
1424 1132 1434 1150 ‚
1455 1104 1763 1165 imperitorum
1780 1096 1918 1155 ἓορζᾚζῃ

288 1165 606 1230 negligentiam
618 1168 664 1210 δε
676 1171 968 1211 inveteratum
978 1180 1173 1210 errorem
1184 1162 1416 1227 diligentiae
1427 1183 1476 1211 ac
1496 1171 1648 1212 virtuti
1660 1184 1765 1230 prae-

288 1229 467 1293 scribere
486 1266 498 1287 ,
519 1245 564 1277 at
575 1244 745 1296 quanto
761 1234 1056 1295 iniquiusvim
1073 1235 1247 1276 veritati
1259 1235 1516 1294 cujusquam
1528 1233 1764 1279 auotorita-

288 1310 333 1343 te
345 1295 435 1342 fieri
455 1296 470 1342 ἓ
503 1300 623 1343 Nam
634 1295 768 1342 firem
777 1310 987 1361 putamus
1004 1331 1016 1352 ,
1045 1309 1176 1343 tenue
1196 1294 1366 1362 est,quo
1379 1296 1450 1343 ille
1469 1300 1682 1363 praecipue
1699 1305 1763 1345 ni-

286 1368 407 1415 titur,
430 1362 624 1410 Vindam
637 1381 773 1429 quam
784 1361 987 1415 dicimus,
1000 1364 1024 1409 a
1033 1366 1278 1410 Fortunato
1288 1367 1421 1427 poeta
1433 1363 1679 1411 Christiano
1689 1384 1758 1412 an-

286 1434 415 1497 tiquo
427 1429 672 1477 Virdonem
683 1434 902 1478 nominari
920 1466 933 1486 ,
952 1434 1018 1476 uti
1029 1429 1186 1476 Paulus
1205 1429 1414 1479 diaconus
1433 1437 1477 1477 in
1496 1432 1760 1496 Longobar-
1774 1438 1931 1484 Paul-12²³·

283 1494 387 1543 di'cis
398 1495 548 1543 retulit
563 1533 575 1554 ,
596 1496 626 1544 fi
636 1495 939 1562 Augustanam
948 1495 1190 1544 editionem
1202 1496 1421 1564 sequimur
1441 1534 1452 1553 ‚
1473 1496 1705 1545 Basilienfis
1717 1517 1759 1545 e-
1773 1480 1914 1553 Ᾰῖεῗιάἀζζ

280 1567 376 1610 nim
394 1561 438 1610 id
458 1569 646 1611 omnino
668 1582 835 1611 nomen
857 1581 949 1610 non
971 1561 1102 1610 habet
1130 1582 1140 1610 :
1170 1567 1339 1610 Mirum
1350 1600 1361 1619 ,
1372 1569 1416 1610 ni
1427 1563 1580 1612 eadem
1590 1570 1758 1613 ratione
1772 1558 1902 1633 Effffih

280 1629 403 1677 Pauli
421 1629 605 1678 Lechdm
623 1648 705 1698 pro
724 1634 851 1694 Lyco
864 1644 997 1695 cogat
1007 1635 1214 1696 recipere}
1540 1635 1573 1677 F
1576 1646 1754 1679 ortuna-
1771 1639 1941 1705 F031¹¹¹Jib2

281 1711 352 1744 tus
372 1715 477 1744 cum
496 1698 691 1745 libellum
704 1699 727 1744 ὲ
739 1697 879 1745 Gallia
891 1703 934 1743 in
947 1698 1110 1744 Italiam
1124 1696 1429 1763 profeRUrum
1441 1697 1636 1764 pluribus
1649 1698 1755 1745 allo-
1770 1680 1911 1749 ἶᾱετῗῑηῗξ.

280 1779 491 1832 queretur
502 1799 515 1818 ,
530 1763 596 1812 his
610 1758 751 1812 verbis
769 1764 866 1812 usus
888 1763 946 1811 est
965 1798 979 1816 ,
1004 1782 1202 1832 quorum
1221 1769 1280 1810 im
1283 1765 1438 1830 politia
1459 1770 1567 1834 quin
1578 1765 1756 1813 ascriba-

278 1848 380 1878 mus
392 1850 483 1878 non
494 1831 636 1885 faciets

279 1899 323 1944 Si
334 1896 415 1945 tibi
426 1896 667 1946 barbaricos
678 1899 921 1949 conceditur
930 1901 993 1949 ire
997 1912 1076 1964 per
1085 1914 1246 1951 amnes,

280 1967 339 2013 V
331 1976 351 2011 t
354 1965 521 2028 placid&
533 1965 733 2013 Rhenum
744 1961 1036 2030 transcendere
1042 1962 1177 2032 posfis
1190 1965 1245 2015 ὅ
1257 1964 1323 2011 Hi
1358 1980 1471 2017 rmn,

281 2033 431 2097 Pergiss
440 2032 497 2079 ad
504 2029 883 2099 Augustamquam
897 2034 1044 2083 Vindo
1055 2027 1428 2098 Lycuaqffluentat,

281 2099 370 2146 Illic
381 2094 592 2165 qffastzcrae
602 2098 868 2147 venerabere
879 2101 1063 2166 virginis
1077 2103 1120 2146 A
1109 2097 1208 2164 free.

281 2165 324 2212 Si
333 2178 467 2213 vacat
475 2167 540 2214 ire
550 2167 826 2231 viasmneque
837 2178 880 2215 te
892 2168 1124 2234 Bajoarins
1135 2162 1279 2231 obstat,

282 2235 376 2297 Qa
386 2233 532 2280 vicina
529 2230 685 2299 ftdent
695 2237 916 2282 Breonmn
929 2234 1030 2286 loca,
1028 2245 1158 2298 perge
1162 2244 1240 2296 per
1249 2232 1377 2295 alpes,

283 2299 532 2364 Ingrediens
542 2301 685 2364 rapido
696 2317 778 2366 qua
773 2297 960 2365 flumine
971 2301 1180 2348 volvitur
1191 2302 1352 2347 Oenusz

283 2369 395 2428 Qlsae
409 2368 563 2414 Paulus
576 2371 698 2414 versa
710 2373 806 2415 vice
816 2383 959 2416 narrat
985 2402 998 2420 ‚
1032 2372 1276 2414 Fortunato
1293 2384 1368 2431 per
1387 2365 1573 2414 Briones
1587 2365 1642 2417 ξδ’
1652 2370 1743 2414 Au-

269 2429 440 2498 gustam
452 2433 680 2482 civitatem
701 2468 714 2487 ,
735 2451 861 2500 quam
873 2434 1015 2485 Virdo
1027 2434 1082 2484 δ’
1093 2428 1461 2497 Lechafluentant,
1473 2434 1558 2481 iter
1556 2430 1687 2500 futffe
1698 2440 1743 2481 in

278 2499 480 2548 Galliam.
549 2504 839 2568 Qamquam
849 2501 1035 2550 inverslo
1047 2500 1191 2548 nostra
1207 2499 1312 2546 nihil
1333 2499 1513 2547 interest.
1547 2505 1608 2547 At
1620 2500 1745 2568 quod

276 2566 418 2615 V'irdo
430 2569 613 2632 protulit
625 2605 636 2625 ‚
646 2567 733 2615 five
745 2567 1021 2617 librariorum
1039 2573 1211 2615 incuria:
1222 2565 1377 2613 debeat
1395 2602 1406 2621 ,
1428 2564 1514 2613 five
1525 2571 1743 2614 memoria

274 2633 411 2700 lapsus
421 2634 472 2681 fit
483 2671 493 2689 ,
505 2634 591 2681 five
601 2635 849 2701 analogiam
861 2636 1052 2701 vulgaris
1063 2635 1268 2682 sermonis
1279 2635 1336 2680 V
1328 2644 1486 2679 ‘verten
1500 2667 1513 2686 ‚
1535 2649 1608 2680 aut
1620 2633 1743 2701 quod

272 2700 392 2747 idem
402 2699 460 2748 est
471 2701 706 2750 V-vertaha
721 2703 846 2766 (nam
858 2706 1065 2750 Germani
1079 2706 1318 2768 antiquitus
1335 2698 1493 2746 fluvios
1512 2699 1611 2748 Aba
1632 2700 1744 2747 dixe-

273 2767 489 2823 runt,inde
500 2767 815 2836 plerorumque
825 2775 1007 2816 nomina
1018 2774 1060 2815 in
1072 2769 1144 2815 has
1157 2767 1316 2814 litteras
1330 2765 1542 2820 desinunt,
1562 2767 1744 2835 quidam

271 2838 454 2881 minoris
466 2840 525 2880 rei
544 2835 641 2882 Aha
672 2835 920 2899 simpliciter
931 2835 1158 2896 dicuntur)
1175 2833 1288 2900 sequi
1301 2832 1512 2891 maluerit,
1533 2834 1627 2881 sane
1638 2838 1669 2881 F
1672 2853 1744 2881 or·-

272 2915 450 2948 tunatus
469 2903 525 2949 V
520 2901 618 2948 indo
631 2902 800 2967 scripsit.
823 2907 863 2950 Si
874 2901 1090 2969 postrema
1102 2907 1270 2949 Veneta
1281 2898 1414 2946 editio
1426 2937 1436 2956 ‚
1460 2919 1513 2948 ex
1523 2906 1743 2949 Vaticano

261 2966 426 3014 codice
437 2967 638 3032 expressa,
652 2967 708 3015 fic
720 2969 851 3017 habet
861 2970 993 3021 altera
1004 2966 1213 3015 vetustior
1224 2964 1276 3012 ab
1291 2964 1612 3032 Al.Lipomano
1624 2967 1746 3015 emis-

274 3033 445 3090 sa‚s1cin
457 3035 700 3082 Calaritana
711 3036 796 3101 legi
813 3071 826 3089 ‚
849 3037 959 3083 mihi
979 3038 1034 3081 V.
1047 3034 1113 3080 Cl.
1135 3032 1237 3080 Caefi
1258 3035 1467 3083 Batonius
1480 3035 1611 3082 fidem
1625 3035 1740 3082 fecit.
1815 3100 1851 3118 ΗΟ
1879 3092 1908 3120 ί.

273 3100 542 3167 Astipulatur
564 3108 641 3168 qui
660 3116 760 3149 ante
779 3121 915 3151 annos
927 3101 1073 3169 paullo
1087 3107 1229 3148 minus
1244 3097 1463 3148 sexcentos
1476 3102 1631 3167 scriplit
1645 3106 1742 3147 Ber-
1759 3092 1816 3157 ῗῖζζ
1827 3133 1853 3159 s,
1870 3133 1908 3160 v-

1234 3169 1274 3213 R
1310 3185 1329 3221 3
1636 3173 1744 3225 no,is
1761 3170 1830 3199 ‘¹³¹‘-
