<?xml version="1.0" encoding="UTF-8"?>
<!DOCTYPE html PUBLIC "-//W3C//DTD XHTML 1.0 Transitional//EN"
    "http://www.w3.org/TR/xhtml1/DTD/xhtml1-transitional.dtd">
<html xmlns="http://www.w3.org/1999/xhtml" xml:lang="en" lang="en">
 <head>
  <title>
</title>
<meta http-equiv="Content-Type" content="text/html;charset=utf-8" />
  <meta name='ocr-system' content='tesseract 3.04.00' />
  <meta name='ocr-capabilities' content='ocr_page ocr_carea ocr_par ocr_line ocrx_word'/>
</head>
<body>
  <div class='ocr_page' id='page_1' title='image "./operahistoricaet00wels_0913.png"; bbox 0 0 2260 3454; ppageno 0'>
   <div class='ocr_carea' id='block_1_1' title="bbox 419 209 1723 279">
    <p class='ocr_par' dir='ltr' id='par_1_1' title="bbox 419 209 1723 279">
     <span class='ocr_line' id='line_1_1' title="bbox 419 209 1723 279; baseline 0.004 -15"><span class='ocrx_word' id='word_1_1' title='bbox 419 216 660 264; x_wconf 72' lang='lat' dir='ltr'><strong><em>EXCERP.</em></strong></span> <span class='ocrx_word' id='word_1_2' title='bbox 692 217 790 272; x_wconf 65' lang='lat' dir='ltr'>ffiX</span> <span class='ocrx_word' id='word_1_3' title='bbox 817 216 986 262; x_wconf 78' lang='lat' dir='ltr'><em>BER-T.</em></span> <span class='ocrx_word' id='word_1_4' title='bbox 1020 218 1110 263; x_wconf 83' lang='lat' dir='ltr'>DE</span> <span class='ocrx_word' id='word_1_5' title='bbox 1139 218 1271 265; x_wconf 82' lang='lat' dir='ltr'><em>REB.</em></span> <span class='ocrx_word' id='word_1_6' title='bbox 1310 209 1506 268; x_wconf 67' lang='lat' dir='ltr'><em>”GERM</em></span> <span class='ocrx_word' id='word_1_7' title='bbox 1624 232 1723 279; x_wconf 73' lang='lat'>775</span> 
     </span>
    </p>
   </div>
   <div class='ocr_carea' id='block_1_2' title="bbox 229 330 1717 608">
    <p class='ocr_par' dir='ltr' id='par_1_2' title="bbox 229 330 1717 608">
     <span class='ocr_line' id='line_1_2' title="bbox 229 330 1717 406; baseline 0.001 -18"><span class='ocrx_word' id='word_1_8' title='bbox 229 330 373 388; x_wconf 76' lang='lat' dir='ltr'>lrfstar</span> <span class='ocrx_word' id='word_1_9' title='bbox 387 331 701 386; x_wconf 86' lang='lat' dir='ltr'>additamenti</span> <span class='ocrx_word' id='word_1_10' title='bbox 720 332 967 406; x_wconf 84' lang='lat' dir='ltr'>integrum</span> <span class='ocrx_word' id='word_1_11' title='bbox 987 330 1082 384; x_wconf 94' lang='lat' dir='ltr'>hoc</span> <span class='ocrx_word' id='word_1_12' title='bbox 1111 331 1226 405; x_wconf 72' lang='lat' dir='ltr'>Cap.</span> <span class='ocrx_word' id='word_1_13' title='bbox 1247 334 1468 389; x_wconf 88' lang='lat' dir='ltr'><em>XXIII.</em></span> <span class='ocrx_word' id='word_1_14' title='bbox 1488 355 1549 389; x_wconf 88' lang='lat' dir='ltr'>ex</span> <span class='ocrx_word' id='word_1_15' title='bbox 1571 338 1717 389; x_wconf 80' lang='lat' dir='ltr'>Petri</span> 
     </span>
     <span class='ocr_line' id='line_1_3' title="bbox 334 407 1715 480; baseline -0.004 -21"><span class='ocrx_word' id='word_1_16' title='bbox 334 407 719 459; x_wconf 85' lang='lat' dir='ltr'>Bertiilih.1.Rer.</span> <span class='ocrx_word' id='word_1_17' title='bbox 733 410 934 456; x_wconf 83' lang='lat' dir='ltr'><em>German.</em></span> <span class='ocrx_word' id='word_1_18' title='bbox 957 408 1158 456; x_wconf 78' lang='lat' dir='ltr'>consulto</span> <span class='ocrx_word' id='word_1_19' title='bbox 1172 414 1216 455; x_wconf 87' lang='lat'>&amp;</span> <span class='ocrx_word' id='word_1_20' title='bbox 1229 408 1494 459; x_wconf 79' lang='lat' dir='ltr'>dein-dustria</span> <span class='ocrx_word' id='word_1_21' title='bbox 1505 412 1715 480; x_wconf 80' lang='lat' dir='ltr'>adscripsi-</span> 
     </span>
     <span class='ocr_line' id='line_1_4' title="bbox 334 464 1712 543; baseline 0.003 -20"><span class='ocrx_word' id='word_1_22' title='bbox 334 494 434 523; x_wconf 92' lang='lat' dir='ltr'>mus</span> <span class='ocrx_word' id='word_1_23' title='bbox 446 496 458 530; x_wconf 83' lang='lat'>3</span> <span class='ocrx_word' id='word_1_24' title='bbox 482 479 693 542; x_wconf 89' lang='lat' dir='ltr'>quoniam</span> <span class='ocrx_word' id='word_1_25' title='bbox 692 470 779 538; x_wconf 70' lang='lat' dir='ltr'>sex</span> <span class='ocrx_word' id='word_1_26' title='bbox 782 487 912 539; x_wconf 84' lang='lat' dir='ltr'>prope</span> <span class='ocrx_word' id='word_1_27' title='bbox 909 470 1135 540; x_wconf 74' lang='lat' dir='ltr'>segmenta</span> <span class='ocrx_word' id='word_1_28' title='bbox 1139 464 1294 540; x_wconf 76' lang='lat' dir='ltr'>priora</span> <span class='ocrx_word' id='word_1_29' title='bbox 1302 494 1438 543; x_wconf 82' lang='lat' dir='ltr'>quam</span> <span class='ocrx_word' id='word_1_30' title='bbox 1451 479 1712 543; x_wconf 75' lang='lat' dir='ltr'>apertissime</span> 
     </span>
     <span class='ocr_line' id='line_1_5' title="bbox 334 540 1074 608; baseline 0.001 -20"><span class='ocrx_word' id='word_1_31' title='bbox 334 540 663 608; x_wconf 68' lang='lat' dir='ltr'>planissimeque</span> <span class='ocrx_word' id='word_1_32' title='bbox 671 541 776 589; x_wconf 89' lang='lat' dir='ltr'>inibi</span> <span class='ocrx_word' id='word_1_33' title='bbox 790 541 1074 607; x_wconf 80' lang='lat' dir='ltr'>explicantur.</span> 
     </span>
    </p>
   </div>
   <div class='ocr_carea' id='block_1_3' title="bbox 183 627 1878 3294">
    <p class='ocr_par' dir='ltr' id='par_1_3' title="bbox 183 627 1878 3294">
     <span class='ocr_line' id='line_1_6' title="bbox 324 627 1708 692; baseline 0.001 -16"><span class='ocrx_word' id='word_1_34' title='bbox 324 627 472 677; x_wconf 85' lang='lat' dir='ltr'>Abula</span> <span class='ocrx_word' id='word_1_35' title='bbox 482 630 815 692; x_wconf 79' lang='lat' dir='ltr'>peutingeriana</span> <span class='ocrx_word' id='word_1_36' title='bbox 848 660 861 682; x_wconf 86' lang='lat'>,</span> <span class='ocrx_word' id='word_1_37' title='bbox 907 634 1028 689; x_wconf 88' lang='lat' dir='ltr'>cujus</span> <span class='ocrx_word' id='word_1_38' title='bbox 1048 627 1228 675; x_wconf 89' lang='lat' dir='ltr'>editioni</span> <span class='ocrx_word' id='word_1_39' title='bbox 1240 633 1510 676; x_wconf 89' lang='lat' dir='ltr'>immortuus</span> <span class='ocrx_word' id='word_1_40' title='bbox 1522 628 1581 677; x_wconf 89' lang='lat' dir='ltr'>est</span> <span class='ocrx_word' id='word_1_41' title='bbox 1593 633 1708 677; x_wconf 88' lang='lat' dir='ltr'>Geo-</span> 
     </span>
     <span class='ocr_line' id='line_1_7' title="bbox 227 635 1707 760; baseline 0 -16"><span class='ocrx_word' id='word_1_42' title='bbox 227 635 599 760; x_wconf 80' lang='lat' dir='ltr'>Tgraphorum</span> <span class='ocrx_word' id='word_1_43' title='bbox 610 693 742 741; x_wconf 87' lang='lat' dir='ltr'>nostri</span> <span class='ocrx_word' id='word_1_44' title='bbox 754 700 834 744; x_wconf 83' lang='lat' dir='ltr'>aevi</span> <span class='ocrx_word' id='word_1_45' title='bbox 843 697 1044 760; x_wconf 85' lang='lat' dir='ltr'>Princeps</span> <span class='ocrx_word' id='word_1_46' title='bbox 1055 695 1333 743; x_wconf 75' lang='lat' dir='ltr'>Abrah‘amus</span> <span class='ocrx_word' id='word_1_47' title='bbox 1354 697 1551 744; x_wconf 90' lang='lat' dir='ltr'>Ortelius</span> <span class='ocrx_word' id='word_1_48' title='bbox 1568 732 1580 752; x_wconf 92' lang='lat'>,</span> <span class='ocrx_word' id='word_1_49' title='bbox 1614 715 1707 744; x_wconf 90' lang='lat' dir='ltr'>non</span> 
     </span>
     <span class='ocr_line' id='line_1_8' title="bbox 222 760 1705 828; baseline 0.001 -19"><span class='ocrx_word' id='word_1_50' title='bbox 222 761 276 810; x_wconf 85' lang='lat' dir='ltr'>ad</span> <span class='ocrx_word' id='word_1_51' title='bbox 288 776 427 809; x_wconf 87' lang='lat' dir='ltr'>artem</span> <span class='ocrx_word' id='word_1_52' title='bbox 440 760 863 808; x_wconf 86' lang='lat' dir='ltr'>Mathematicorum</span> <span class='ocrx_word' id='word_1_53' title='bbox 875 762 1026 808; x_wconf 67' lang='lat' dir='ltr'>exae‘ta</span> <span class='ocrx_word' id='word_1_54' title='bbox 1043 761 1338 828; x_wconf 63' lang='lat' dir='ltr'>gradibusque</span> <span class='ocrx_word' id='word_1_55' title='bbox 1348 761 1705 815; x_wconf 87' lang='lat' dir='ltr'>accommodata,</span> 
     </span>
     <span class='ocr_line' id='line_1_9' title="bbox 222 826 1707 897; baseline 0.001 -22"><span class='ocrx_word' id='word_1_56' title='bbox 222 829 369 896; x_wconf 85' lang='lat' dir='ltr'>quales</span> <span class='ocrx_word' id='word_1_57' title='bbox 379 827 655 875; x_wconf 86' lang='lat' dir='ltr'>Ptolemaicae</span> <span class='ocrx_word' id='word_1_58' title='bbox 665 861 678 881; x_wconf 90' lang='lat'><strong><em>,</em></strong></span> <span class='ocrx_word' id='word_1_59' title='bbox 697 827 766 875; x_wconf 93' lang='lat' dir='ltr'>sed</span> <span class='ocrx_word' id='word_1_60' title='bbox 776 831 989 875; x_wconf 87' lang='lat' dir='ltr'>Itineraria</span> <span class='ocrx_word' id='word_1_61' title='bbox 1001 842 1173 875; x_wconf 89' lang='lat' dir='ltr'>tantum</span> <span class='ocrx_word' id='word_1_62' title='bbox 1186 865 1196 884; x_wconf 89' lang='lat'>‚</span> <span class='ocrx_word' id='word_1_63' title='bbox 1207 829 1424 877; x_wconf 87' lang='lat' dir='ltr'>adnotatis</span> <span class='ocrx_word' id='word_1_64' title='bbox 1453 829 1619 897; x_wconf 87' lang='lat' dir='ltr'>ubique</span> <span class='ocrx_word' id='word_1_65' title='bbox 1640 826 1707 876; x_wconf 88' lang='lat' dir='ltr'>lo-</span> 
     </span>
     <span class='ocr_line' id='line_1_10' title="bbox 221 893 1706 962; baseline 0.001 -20"><span class='ocrx_word' id='word_1_66' title='bbox 221 913 382 942; x_wconf 87' lang='lat' dir='ltr'>corum</span> <span class='ocrx_word' id='word_1_67' title='bbox 411 893 659 942; x_wconf 83' lang='lat' dir='ltr'>intervallis.</span> <span class='ocrx_word' id='word_1_68' title='bbox 707 895 834 942; x_wconf 88' lang='lat' dir='ltr'>Tales</span> <span class='ocrx_word' id='word_1_69' title='bbox 860 895 1123 942; x_wconf 83' lang='lat' dir='ltr'>convolutas</span> <span class='ocrx_word' id='word_1_70' title='bbox 1150 895 1369 943; x_wconf 82' lang='lat' dir='ltr'>habebant</span> <span class='ocrx_word' id='word_1_71' title='bbox 1395 895 1505 943; x_wconf 90' lang='lat' dir='ltr'>olim</span> <span class='ocrx_word' id='word_1_72' title='bbox 1534 895 1649 962; x_wconf 87' lang='lat' dir='ltr'>apud</span> <span class='ocrx_word' id='word_1_73' title='bbox 1665 895 1706 943; x_wconf 90' lang='lat' dir='ltr'>se</span> 
     </span>
     <span class='ocr_line' id='line_1_11' title="bbox 220 961 1703 1030; baseline 0.001 -22"><span class='ocrx_word' id='word_1_74' title='bbox 220 961 321 1016; x_wconf 83' lang='lat' dir='ltr'>belli</span> <span class='ocrx_word' id='word_1_75' title='bbox 330 966 477 1009; x_wconf 86' lang='lat' dir='ltr'>Duces</span> <span class='ocrx_word' id='word_1_76' title='bbox 497 998 509 1018; x_wconf 93' lang='lat'>,</span> <span class='ocrx_word' id='word_1_77' title='bbox 543 961 700 1028; x_wconf 87' lang='lat' dir='ltr'>quibus</span> <span class='ocrx_word' id='word_1_78' title='bbox 709 965 861 1008; x_wconf 88' lang='lat' dir='ltr'>itinera</span> <span class='ocrx_word' id='word_1_79' title='bbox 870 961 941 1008; x_wconf 89' lang='lat' dir='ltr'>sua</span> <span class='ocrx_word' id='word_1_80' title='bbox 952 961 1195 1027; x_wconf 82' lang='lat' dir='ltr'>dirigebant</span> <span class='ocrx_word' id='word_1_81' title='bbox 1214 980 1226 1009; x_wconf 85' lang='lat'>:</span> <span class='ocrx_word' id='word_1_82' title='bbox 1247 965 1400 1030; x_wconf 83' lang='lat' dir='ltr'>Itaque</span> <span class='ocrx_word' id='word_1_83' title='bbox 1411 968 1453 1009; x_wconf 91' lang='lat' dir='ltr'>in</span> <span class='ocrx_word' id='word_1_84' title='bbox 1465 961 1530 1010; x_wconf 89' lang='lat' dir='ltr'>his</span> <span class='ocrx_word' id='word_1_85' title='bbox 1542 981 1631 1010; x_wconf 91' lang='lat' dir='ltr'>non</span> <span class='ocrx_word' id='word_1_86' title='bbox 1642 962 1703 1010; x_wconf 88' lang='lat' dir='ltr'>la-</span> 
     </span>
     <span class='ocr_line' id='line_1_12' title="bbox 220 1027 1702 1093; baseline 0 -17"><span class='ocrx_word' id='word_1_87' title='bbox 220 1027 463 1077; x_wconf 87' lang='lat' dir='ltr'>titudinum</span> <span class='ocrx_word' id='word_1_88' title='bbox 485 1042 562 1076; x_wconf 85' lang='lat' dir='ltr'>aut</span> <span class='ocrx_word' id='word_1_89' title='bbox 583 1027 914 1093; x_wconf 80' lang='lat' dir='ltr'>longitudinum</span> <span class='ocrx_word' id='word_1_90' title='bbox 933 1033 1046 1076; x_wconf 89' lang='lat' dir='ltr'>ratio</span> <span class='ocrx_word' id='word_1_91' title='bbox 1067 1047 1121 1075; x_wconf 84' lang='lat' dir='ltr'>ex</span> <span class='ocrx_word' id='word_1_92' title='bbox 1141 1029 1389 1076; x_wconf 85' lang='lat' dir='ltr'>tabularum</span> <span class='ocrx_word' id='word_1_93' title='bbox 1408 1027 1551 1076; x_wconf 88' lang='lat' dir='ltr'>fundo</span> <span class='ocrx_word' id='word_1_94' title='bbox 1567 1048 1618 1077; x_wconf 90' lang='lat' dir='ltr'>ac</span> <span class='ocrx_word' id='word_1_95' title='bbox 1641 1029 1702 1076; x_wconf 91' lang='lat' dir='ltr'>di-</span> 
     </span>
     <span class='ocr_line' id='line_1_13' title="bbox 219 1093 1698 1160; baseline 0.001 -18"><span class='ocrx_word' id='word_1_96' title='bbox 219 1093 445 1142; x_wconf 86' lang='lat' dir='ltr'>menfione</span> <span class='ocrx_word' id='word_1_97' title='bbox 455 1101 542 1160; x_wconf 89' lang='lat' dir='ltr'>peti</span> <span class='ocrx_word' id='word_1_98' title='bbox 553 1093 695 1148; x_wconf 88' lang='lat' dir='ltr'>debet,</span> <span class='ocrx_word' id='word_1_99' title='bbox 708 1094 864 1142; x_wconf 86' lang='lat' dir='ltr'>collata</span> <span class='ocrx_word' id='word_1_100' title='bbox 877 1113 980 1142; x_wconf 90' lang='lat' dir='ltr'>cum</span> <span class='ocrx_word' id='word_1_101' title='bbox 999 1094 1249 1160; x_wconf 81' lang='lat' dir='ltr'>regionibus</span> <span class='ocrx_word' id='word_1_102' title='bbox 1260 1132 1271 1152; x_wconf 93' lang='lat'>‚</span> <span class='ocrx_word' id='word_1_103' title='bbox 1284 1096 1351 1143; x_wconf 88' lang='lat' dir='ltr'>sed</span> <span class='ocrx_word' id='word_1_104' title='bbox 1362 1114 1414 1142; x_wconf 85' lang='lat' dir='ltr'>ex</span> <span class='ocrx_word' id='word_1_105' title='bbox 1426 1099 1615 1144; x_wconf 83' lang='lat' dir='ltr'>numeris</span> <span class='ocrx_word' id='word_1_106' title='bbox 1627 1096 1698 1144; x_wconf 88' lang='lat' dir='ltr'>ad-</span> 
     </span>
     <span class='ocr_line' id='line_1_14' title="bbox 218 1160 1698 1229; baseline 0.001 -20"><span class='ocrx_word' id='word_1_107' title='bbox 218 1161 395 1227; x_wconf 85' lang='lat' dir='ltr'>scriptis.</span> <span class='ocrx_word' id='word_1_108' title='bbox 439 1160 791 1208; x_wconf 88' lang='lat' dir='ltr'>Confunduntur</span> <span class='ocrx_word' id='word_1_109' title='bbox 809 1166 928 1207; x_wconf 89' lang='lat' dir='ltr'>enirn</span> <span class='ocrx_word' id='word_1_110' title='bbox 939 1162 1093 1207; x_wconf 90' lang='lat' dir='ltr'>mundi</span> <span class='ocrx_word' id='word_1_111' title='bbox 1112 1161 1303 1208; x_wconf 83' lang='lat' dir='ltr'>cardines</span> <span class='ocrx_word' id='word_1_112' title='bbox 1324 1198 1336 1218; x_wconf 89' lang='lat'>,</span> <span class='ocrx_word' id='word_1_113' title='bbox 1370 1180 1514 1229; x_wconf 88' lang='lat' dir='ltr'>neque</span> <span class='ocrx_word' id='word_1_114' title='bbox 1526 1162 1611 1210; x_wconf 90' lang='lat' dir='ltr'>ulla</span> <span class='ocrx_word' id='word_1_115' title='bbox 1622 1162 1698 1211; x_wconf 80' lang='lat' dir='ltr'>ha-</span> 
     </span>
     <span class='ocr_line' id='line_1_15' title="bbox 217 1227 1697 1293; baseline 0.001 -18"><span class='ocrx_word' id='word_1_116' title='bbox 217 1227 346 1275; x_wconf 87' lang='lat' dir='ltr'>betur</span> <span class='ocrx_word' id='word_1_117' title='bbox 355 1231 468 1276; x_wconf 86' lang='lat' dir='ltr'>ratio</span> <span class='ocrx_word' id='word_1_118' title='bbox 477 1231 616 1275; x_wconf 88' lang='lat' dir='ltr'>Ortus</span> <span class='ocrx_word' id='word_1_119' title='bbox 628 1261 642 1280; x_wconf 88' lang='lat'>‚</span> <span class='ocrx_word' id='word_1_120' title='bbox 653 1227 846 1276; x_wconf 87' lang='lat' dir='ltr'>Occasus</span> <span class='ocrx_word' id='word_1_121' title='bbox 857 1264 869 1284; x_wconf 89' lang='lat'>,</span> <span class='ocrx_word' id='word_1_122' title='bbox 882 1231 1208 1293; x_wconf 83' lang='lat' dir='ltr'>Septentrionis,</span> <span class='ocrx_word' id='word_1_123' title='bbox 1220 1227 1364 1274; x_wconf 86' lang='lat' dir='ltr'>Austri</span> <span class='ocrx_word' id='word_1_124' title='bbox 1385 1247 1396 1274; x_wconf 91' lang='lat'>:</span> <span class='ocrx_word' id='word_1_125' title='bbox 1419 1237 1588 1275; x_wconf 87' lang='lat' dir='ltr'>viarum</span> <span class='ocrx_word' id='word_1_126' title='bbox 1603 1243 1697 1276; x_wconf 87' lang='lat' dir='ltr'>tan-</span> 
     </span>
     <span class='ocr_line' id='line_1_16' title="bbox 218 1293 1695 1360; baseline 0 -18"><span class='ocrx_word' id='word_1_127' title='bbox 218 1309 318 1342; x_wconf 88' lang='lat' dir='ltr'>tum</span> <span class='ocrx_word' id='word_1_128' title='bbox 337 1294 468 1360; x_wconf 83' lang='lat' dir='ltr'>spatia</span> <span class='ocrx_word' id='word_1_129' title='bbox 481 1293 706 1360; x_wconf 82' lang='lat' dir='ltr'>signantur</span> <span class='ocrx_word' id='word_1_130' title='bbox 723 1297 768 1342; x_wconf 90' lang='lat'>&amp;</span> <span class='ocrx_word' id='word_1_131' title='bbox 785 1293 1021 1342; x_wconf 86' lang='lat' dir='ltr'>intervalla.</span> <span class='ocrx_word' id='word_1_132' title='bbox 1056 1293 1196 1358; x_wconf 75' lang='lat' dir='ltr'>Qtod</span> <span class='ocrx_word' id='word_1_133' title='bbox 1207 1293 1260 1341; x_wconf 89' lang='lat' dir='ltr'>de</span> <span class='ocrx_word' id='word_1_134' title='bbox 1278 1297 1501 1342; x_wconf 86' lang='lat' dir='ltr'>Itinerariis</span> <span class='ocrx_word' id='word_1_135' title='bbox 1513 1295 1695 1342; x_wconf 83' lang='lat' dir='ltr'>Tabulis</span> 
     </span>
     <span class='ocr_line' id='line_1_17' title="bbox 215 1358 1694 1426; baseline 0.001 -19"><span class='ocrx_word' id='word_1_136' title='bbox 215 1360 328 1417; x_wconf 87' lang='lat' dir='ltr'>dixi,</span> <span class='ocrx_word' id='word_1_137' title='bbox 346 1360 744 1408; x_wconf 73' lang='lat' dir='ltr'>indicatrnanifeste</span> <span class='ocrx_word' id='word_1_138' title='bbox 758 1365 969 1425; x_wconf 86' lang='lat' dir='ltr'>Vegetius</span> <span class='ocrx_word' id='word_1_139' title='bbox 987 1393 1002 1413; x_wconf 89' lang='lat'><em>‚</em></span> <span class='ocrx_word' id='word_1_140' title='bbox 1036 1358 1148 1407; x_wconf 90' lang='lat' dir='ltr'>libro</span> <span class='ocrx_word' id='word_1_141' title='bbox 1160 1366 1292 1408; x_wconf 87' lang='lat' dir='ltr'>tertio</span> <span class='ocrx_word' id='word_1_142' title='bbox 1302 1373 1394 1426; x_wconf 83' lang='lat' dir='ltr'>cap.</span> <span class='ocrx_word' id='word_1_143' title='bbox 1410 1370 1452 1409; x_wconf 89' lang='lat'>6.</span> <span class='ocrx_word' id='word_1_144' title='bbox 1462 1361 1514 1408; x_wconf 87' lang='lat' dir='ltr'>de</span> <span class='ocrx_word' id='word_1_145' title='bbox 1523 1380 1568 1408; x_wconf 89' lang='lat' dir='ltr'>re</span> <span class='ocrx_word' id='word_1_146' title='bbox 1579 1362 1694 1409; x_wconf 82' lang='lat' dir='ltr'>mili-</span> 
     </span>
     <span class='ocr_line' id='line_1_18' title="bbox 215 1424 1694 1494; baseline 0 -19"><span class='ocrx_word' id='word_1_147' title='bbox 215 1429 414 1488; x_wconf 80' lang='lat' dir='ltr'>tari.Ejus</span> <span class='ocrx_word' id='word_1_148' title='bbox 425 1426 518 1475; x_wconf 91' lang='lat' dir='ltr'>haec</span> <span class='ocrx_word' id='word_1_149' title='bbox 527 1427 627 1475; x_wconf 90' lang='lat' dir='ltr'>sunt</span> <span class='ocrx_word' id='word_1_150' title='bbox 635 1427 768 1474; x_wconf 87' lang='lat' dir='ltr'>verba</span> <span class='ocrx_word' id='word_1_151' title='bbox 786 1443 798 1472; x_wconf 80' lang='grc' dir='ltr'><em>τ</em></span> <span class='ocrx_word' id='word_1_152' title='bbox 816 1427 1009 1492; x_wconf 67' lang='lat' dir='ltr'>Ideoque</span> <span class='ocrx_word' id='word_1_153' title='bbox 1021 1432 1146 1473; x_wconf 91' lang='lat' dir='ltr'>omni</span> <span class='ocrx_word' id='word_1_154' title='bbox 1158 1444 1275 1482; x_wconf 85' lang='lat' dir='ltr'>cura,</span> <span class='ocrx_word' id='word_1_155' title='bbox 1285 1428 1501 1494; x_wconf 63' lang='lat' dir='ltr'>omnique</span> <span class='ocrx_word' id='word_1_156' title='bbox 1511 1424 1694 1493; x_wconf 83' lang='lat' dir='ltr'>diligen-</span> 
     </span>
     <span class='ocr_line' id='line_1_19' title="bbox 213 1491 1693 1558; baseline 0.001 -18"><span class='ocrx_word' id='word_1_157' title='bbox 213 1498 274 1541; x_wconf 84' lang='lat' dir='ltr'>tia</span> <span class='ocrx_word' id='word_1_158' title='bbox 291 1492 521 1558; x_wconf 87' lang='lat' dir='ltr'>providere</span> <span class='ocrx_word' id='word_1_159' title='bbox 538 1493 667 1539; x_wconf 88' lang='lat' dir='ltr'>debet</span> <span class='ocrx_word' id='word_1_160' title='bbox 687 1497 794 1539; x_wconf 86' lang='lat' dir='ltr'>Dux</span> <span class='ocrx_word' id='word_1_161' title='bbox 811 1527 823 1548; x_wconf 88' lang='lat'>,</span> <span class='ocrx_word' id='word_1_162' title='bbox 864 1510 919 1539; x_wconf 91' lang='lat' dir='ltr'>ne</span> <span class='ocrx_word' id='word_1_163' title='bbox 945 1491 1219 1557; x_wconf 86' lang='lat' dir='ltr'>proficiscens</span> <span class='ocrx_word' id='word_1_164' title='bbox 1241 1499 1428 1557; x_wconf 88' lang='lat' dir='ltr'>patiatur</span> <span class='ocrx_word' id='word_1_165' title='bbox 1453 1495 1693 1547; x_wconf 86' lang='lat' dir='ltr'>incursum,</span> 
     </span>
     <span class='ocr_line' id='line_1_20' title="bbox 210 1556 1694 1623; baseline 0.001 -17"><span class='ocrx_word' id='word_1_166' title='bbox 210 1558 281 1606; x_wconf 70' lang='lat' dir='ltr'>sed</span> <span class='ocrx_word' id='word_1_167' title='bbox 300 1558 427 1606; x_wconf 88' lang='lat' dir='ltr'>facile</span> <span class='ocrx_word' id='word_1_168' title='bbox 445 1576 495 1605; x_wconf 86' lang='lat' dir='ltr'>ac</span> <span class='ocrx_word' id='word_1_169' title='bbox 507 1557 593 1604; x_wconf 87' lang='lat' dir='ltr'>fine</span> <span class='ocrx_word' id='word_1_170' title='bbox 602 1556 769 1604; x_wconf 91' lang='lat' dir='ltr'>damno</span> <span class='ocrx_word' id='word_1_171' title='bbox 787 1557 965 1623; x_wconf 85' lang='lat' dir='ltr'>repellat</span> <span class='ocrx_word' id='word_1_172' title='bbox 985 1558 1168 1606; x_wconf 88' lang='lat' dir='ltr'>illatum.</span> <span class='ocrx_word' id='word_1_173' title='bbox 1237 1562 1434 1607; x_wconf 88' lang='lat' dir='ltr'>Primum</span> <span class='ocrx_word' id='word_1_174' title='bbox 1479 1566 1694 1609; x_wconf 81' lang='lat' dir='ltr'>itineraria</span> 
     </span>
     <span class='ocr_line' id='line_1_21' title="bbox 209 1625 1692 1691; baseline 0.001 -18"><span class='ocrx_word' id='word_1_175' title='bbox 209 1629 417 1673; x_wconf 88' lang='lat' dir='ltr'>omnium</span> <span class='ocrx_word' id='word_1_176' title='bbox 427 1629 665 1689; x_wconf 87' lang='lat' dir='ltr'>regionum</span> <span class='ocrx_word' id='word_1_177' title='bbox 678 1658 690 1677; x_wconf 89' lang='lat'>,</span> <span class='ocrx_word' id='word_1_178' title='bbox 703 1630 747 1671; x_wconf 90' lang='lat' dir='ltr'>in</span> <span class='ocrx_word' id='word_1_179' title='bbox 757 1625 916 1691; x_wconf 91' lang='lat' dir='ltr'>quibus</span> <span class='ocrx_word' id='word_1_180' title='bbox 928 1625 1093 1672; x_wconf 90' lang='lat' dir='ltr'>bellum</span> <span class='ocrx_word' id='word_1_181' title='bbox 1103 1629 1270 1690; x_wconf 82' lang='lat' dir='ltr'>geritur</span> <span class='ocrx_word' id='word_1_182' title='bbox 1280 1662 1292 1683; x_wconf 90' lang='lat'>‚</span> <span class='ocrx_word' id='word_1_183' title='bbox 1313 1626 1552 1691; x_wconf 77' lang='lat' dir='ltr'>pleniffime</span> <span class='ocrx_word' id='word_1_184' title='bbox 1561 1626 1692 1676; x_wconf 88' lang='lat' dir='ltr'>debet</span> 
     </span>
     <span class='ocr_line' id='line_1_22' title="bbox 210 1690 1690 1760; baseline 0.002 -21"><span class='ocrx_word' id='word_1_185' title='bbox 210 1690 371 1739; x_wconf 86' lang='lat' dir='ltr'>habere</span> <span class='ocrx_word' id='word_1_186' title='bbox 380 1691 611 1758; x_wconf 88' lang='lat' dir='ltr'>perscripta</span> <span class='ocrx_word' id='word_1_187' title='bbox 633 1707 645 1736; x_wconf 74' lang='grc' dir='ltr'><strong><em>ε</em></strong></span> <span class='ocrx_word' id='word_1_188' title='bbox 666 1695 726 1738; x_wconf 90' lang='lat' dir='ltr'>ita</span> <span class='ocrx_word' id='word_1_189' title='bbox 744 1706 795 1738; x_wconf 91' lang='lat' dir='ltr'>ut</span> <span class='ocrx_word' id='word_1_190' title='bbox 810 1691 1018 1738; x_wconf 86' lang='lat' dir='ltr'>locorum</span> <span class='ocrx_word' id='word_1_191' title='bbox 1037 1692 1261 1739; x_wconf 88' lang='lat' dir='ltr'>intervalla</span> <span class='ocrx_word' id='word_1_192' title='bbox 1280 1710 1372 1740; x_wconf 91' lang='lat' dir='ltr'>non</span> <span class='ocrx_word' id='word_1_193' title='bbox 1391 1691 1533 1741; x_wconf 88' lang='lat' dir='ltr'>solum</span> <span class='ocrx_word' id='word_1_194' title='bbox 1550 1694 1690 1760; x_wconf 68' lang='lat' dir='ltr'>paisu-</span> 
     </span>
     <span class='ocr_line' id='line_1_23' title="bbox 208 1755 1689 1826; baseline 0.001 -20"><span class='ocrx_word' id='word_1_195' title='bbox 208 1776 291 1806; x_wconf 88' lang='lat' dir='ltr'>um</span> <span class='ocrx_word' id='word_1_196' title='bbox 301 1774 492 1805; x_wconf 88' lang='lat' dir='ltr'>numero</span> <span class='ocrx_word' id='word_1_197' title='bbox 505 1792 517 1813; x_wconf 79' lang='lat'>,</span> <span class='ocrx_word' id='word_1_198' title='bbox 528 1755 596 1804; x_wconf 82' lang='lat' dir='ltr'>{ed</span> <span class='ocrx_word' id='word_1_199' title='bbox 606 1762 739 1804; x_wconf 88' lang='lat' dir='ltr'>etiam</span> <span class='ocrx_word' id='word_1_200' title='bbox 749 1762 923 1804; x_wconf 87' lang='lat' dir='ltr'>viarum</span> <span class='ocrx_word' id='word_1_201' title='bbox 934 1757 1140 1823; x_wconf 87' lang='lat' dir='ltr'>qualitate</span> <span class='ocrx_word' id='word_1_202' title='bbox 1151 1758 1358 1822; x_wconf 82' lang='lat' dir='ltr'>perdiscat</span> <span class='ocrx_word' id='word_1_203' title='bbox 1374 1775 1386 1804; x_wconf 70' lang='grc' dir='ltr'><em>τ</em></span> <span class='ocrx_word' id='word_1_204' title='bbox 1403 1759 1665 1826; x_wconf 83' lang='lat' dir='ltr'>compendia</span> <span class='ocrx_word' id='word_1_205' title='bbox 1675 1796 1689 1818; x_wconf 84' lang='lat'>,</span> 
     </span>
     <span class='ocr_line' id='line_1_24' title="bbox 208 1822 1687 1891; baseline -0.001 -18"><span class='ocrx_word' id='word_1_206' title='bbox 208 1823 478 1879; x_wconf 83' lang='lat' dir='ltr'>diverticula,</span> <span class='ocrx_word' id='word_1_207' title='bbox 487 1836 663 1869; x_wconf 88' lang='lat' dir='ltr'>montes</span> <span class='ocrx_word' id='word_1_208' title='bbox 672 1856 684 1875; x_wconf 93' lang='lat'>‚</span> <span class='ocrx_word' id='word_1_209' title='bbox 695 1822 879 1870; x_wconf 87' lang='lat' dir='ltr'>flumina</span> <span class='ocrx_word' id='word_1_210' title='bbox 888 1858 900 1880; x_wconf 90' lang='lat'>,</span> <span class='ocrx_word' id='word_1_211' title='bbox 918 1823 970 1871; x_wconf 88' lang='lat' dir='ltr'>ad</span> <span class='ocrx_word' id='word_1_212' title='bbox 983 1823 1116 1871; x_wconf 86' lang='lat' dir='ltr'>fidem</span> <span class='ocrx_word' id='word_1_213' title='bbox 1127 1823 1334 1891; x_wconf 85' lang='lat' dir='ltr'>descripta</span> <span class='ocrx_word' id='word_1_214' title='bbox 1345 1825 1604 1875; x_wconf 84' lang='lat' dir='ltr'>confideret:</span> <span class='ocrx_word' id='word_1_215' title='bbox 1616 1843 1687 1874; x_wconf 86' lang='lat' dir='ltr'>us-</span> 
     </span>
     <span class='ocr_line' id='line_1_25' title="bbox 208 1888 1687 1959; baseline 0.002 -21"><span class='ocrx_word' id='word_1_216' title='bbox 208 1908 298 1959; x_wconf 91' lang='lat' dir='ltr'>que</span> <span class='ocrx_word' id='word_1_217' title='bbox 307 1907 376 1947; x_wconf 89' lang='lat' dir='ltr'>eo,</span> <span class='ocrx_word' id='word_1_218' title='bbox 388 1903 438 1936; x_wconf 90' lang='lat' dir='ltr'>ut</span> <span class='ocrx_word' id='word_1_219' title='bbox 446 1888 686 1937; x_wconf 90' lang='lat' dir='ltr'>solertiores</span> <span class='ocrx_word' id='word_1_220' title='bbox 694 1893 842 1937; x_wconf 92' lang='lat' dir='ltr'>Duces</span> <span class='ocrx_word' id='word_1_221' title='bbox 860 1894 1074 1938; x_wconf 84' lang='lat' dir='ltr'>itineraria</span> <span class='ocrx_word' id='word_1_222' title='bbox 1085 1896 1411 1956; x_wconf 88' lang='lat' dir='ltr'>provinciarum</span> <span class='ocrx_word' id='word_1_223' title='bbox 1430 1926 1443 1946; x_wconf 86' lang='lat'>‚</span> <span class='ocrx_word' id='word_1_224' title='bbox 1471 1899 1515 1940; x_wconf 87' lang='lat' dir='ltr'>in</span> <span class='ocrx_word' id='word_1_225' title='bbox 1561 1893 1687 1941; x_wconf 82' lang='lat' dir='ltr'>uibus</span> 
     </span>
     <span class='ocr_line' id='line_1_26' title="bbox 206 1912 1686 2024; baseline 0.003 -20"><span class='ocrx_word' id='word_1_226' title='bbox 206 1955 429 2005; x_wconf 78' lang='lat' dir='ltr'>necestitas</span> <span class='ocrx_word' id='word_1_227' title='bbox 438 1961 606 2020; x_wconf 89' lang='lat' dir='ltr'>geritur</span> <span class='ocrx_word' id='word_1_228' title='bbox 616 1991 629 2012; x_wconf 87' lang='lat'>,</span> <span class='ocrx_word' id='word_1_229' title='bbox 649 1973 741 2002; x_wconf 90' lang='lat' dir='ltr'>non</span> <span class='ocrx_word' id='word_1_230' title='bbox 753 1970 927 2015; x_wconf 81' lang='lat' dir='ltr'>tantum</span> <span class='ocrx_word' id='word_1_231' title='bbox 946 1956 1175 2010; x_wconf 85' lang='lat' dir='ltr'>adnotata,</span> <span class='ocrx_word' id='word_1_232' title='bbox 1198 1957 1267 2005; x_wconf 89' lang='lat' dir='ltr'>sed</span> <span class='ocrx_word' id='word_1_233' title='bbox 1278 1964 1411 2006; x_wconf 86' lang='lat' dir='ltr'>etiam</span> <span class='ocrx_word' id='word_1_234' title='bbox 1422 1912 1686 2024; x_wconf 48' lang='lat' dir='ltr'>pifflssmbu-</span> 
     </span>
     <span class='ocr_line' id='line_1_27' title="bbox 207 2019 1688 2092; baseline 0.003 -22"><span class='ocrx_word' id='word_1_235' title='bbox 207 2022 279 2071; x_wconf 81' lang='lat' dir='ltr'>iffe</span> <span class='ocrx_word' id='word_1_236' title='bbox 287 2019 540 2079; x_wconf 84' lang='lat' dir='ltr'>firmentur,</span> <span class='ocrx_word' id='word_1_237' title='bbox 553 2036 603 2070; x_wconf 91' lang='lat' dir='ltr'>ut</span> <span class='ocrx_word' id='word_1_238' title='bbox 611 2039 703 2069; x_wconf 89' lang='lat' dir='ltr'>non</span> <span class='ocrx_word' id='word_1_239' title='bbox 711 2021 853 2070; x_wconf 90' lang='lat' dir='ltr'>solum</span> <span class='ocrx_word' id='word_1_240' title='bbox 865 2022 1030 2071; x_wconf 87' lang='lat' dir='ltr'>confilo</span> <span class='ocrx_word' id='word_1_241' title='bbox 1038 2029 1211 2081; x_wconf 89' lang='lat' dir='ltr'>mentis,</span> <span class='ocrx_word' id='word_1_242' title='bbox 1231 2042 1389 2072; x_wconf 88' lang='lat' dir='ltr'>verum</span> <span class='ocrx_word' id='word_1_243' title='bbox 1397 2026 1571 2092; x_wconf 61' lang='lat' dir='ltr'>aspectu</span> <span class='ocrx_word' id='word_1_244' title='bbox 1580 2044 1688 2074; x_wconf 74' lang='lat' dir='ltr'>ocu-</span> 
     </span>
     <span class='ocr_line' id='line_1_28' title="bbox 205 2088 1686 2158; baseline 0.003 -21"><span class='ocrx_word' id='word_1_245' title='bbox 205 2089 358 2137; x_wconf 86' lang='lat' dir='ltr'>lorum</span> <span class='ocrx_word' id='word_1_246' title='bbox 367 2092 485 2151; x_wconf 77' lang='lat' dir='ltr'>viam</span> <span class='ocrx_word' id='word_1_247' title='bbox 496 2088 759 2155; x_wconf 68' lang='lat' dir='ltr'>profezsturis</span> <span class='ocrx_word' id='word_1_248' title='bbox 770 2088 992 2154; x_wconf 86' lang='lat' dir='ltr'>eligerent.</span> <span class='ocrx_word' id='word_1_249' title='bbox 1037 2089 1109 2138; x_wconf 88' lang='lat' dir='ltr'>Ad</span> <span class='ocrx_word' id='word_1_250' title='bbox 1128 2090 1217 2137; x_wconf 93' lang='lat' dir='ltr'>hoc</span> <span class='ocrx_word' id='word_1_251' title='bbox 1241 2093 1266 2138; x_wconf 71' lang='lat' dir='ltr'>a</span> <span class='ocrx_word' id='word_1_252' title='bbox 1275 2093 1627 2158; x_wconf 88' lang='lat' dir='ltr'>prudentioribus</span> <span class='ocrx_word' id='word_1_253' title='bbox 1638 2098 1686 2142; x_wconf 79' lang='grc' dir='ltr'>δε</span> 
     </span>
     <span class='ocr_line' id='line_1_29' title="bbox 204 2155 1723 2228; baseline 0.003 -25"><span class='ocrx_word' id='word_1_254' title='bbox 204 2155 434 2204; x_wconf 83' lang='lat' dir='ltr'>honoratis</span> <span class='ocrx_word' id='word_1_255' title='bbox 451 2173 501 2203; x_wconf 85' lang='lat' dir='ltr'>ac</span> <span class='ocrx_word' id='word_1_256' title='bbox 519 2155 724 2203; x_wconf 91' lang='lat' dir='ltr'>locorum</span> <span class='ocrx_word' id='word_1_257' title='bbox 736 2162 881 2220; x_wconf 87' lang='lat' dir='ltr'>gnaris</span> <span class='ocrx_word' id='word_1_258' title='bbox 892 2192 905 2212; x_wconf 82' lang='lat'>,</span> <span class='ocrx_word' id='word_1_259' title='bbox 922 2155 1151 2222; x_wconf 84' lang='lat' dir='ltr'>separatim</span> <span class='ocrx_word' id='word_1_260' title='bbox 1168 2157 1297 2206; x_wconf 88' lang='lat' dir='ltr'>debet</span> <span class='ocrx_word' id='word_1_261' title='bbox 1307 2160 1501 2210; x_wconf 87' lang='lat' dir='ltr'>universa</span> <span class='ocrx_word' id='word_1_262' title='bbox 1513 2165 1684 2228; x_wconf 87' lang='lat' dir='ltr'>perqui-</span> <span class='ocrx_word' id='word_1_263' title='bbox 1721 2205 1723 2207; x_wconf 82' lang='grc'>.</span> 
     </span>
     <span class='ocr_line' id='line_1_30' title="bbox 205 2222 1707 2289; baseline 0.003 -19"><span class='ocrx_word' id='word_1_264' title='bbox 205 2239 299 2270; x_wconf 90' lang='lat' dir='ltr'>rere</span> <span class='ocrx_word' id='word_1_265' title='bbox 313 2255 326 2275; x_wconf 94' lang='lat'>‚</span> <span class='ocrx_word' id='word_1_266' title='bbox 358 2226 406 2270; x_wconf 71' lang='grc' dir='ltr'>ὃς</span> <span class='ocrx_word' id='word_1_267' title='bbox 417 2226 644 2271; x_wconf 89' lang='lat' dir='ltr'>veritatem</span> <span class='ocrx_word' id='word_1_268' title='bbox 657 2222 863 2287; x_wconf 88' lang='lat' dir='ltr'>colligere</span> <span class='ocrx_word' id='word_1_269' title='bbox 874 2223 927 2270; x_wconf 89' lang='lat' dir='ltr'>de</span> <span class='ocrx_word' id='word_1_270' title='bbox 937 2223 1143 2289; x_wconf 87' lang='lat' dir='ltr'>pluribus.</span> <span class='ocrx_word' id='word_1_271' title='bbox 1211 2224 1334 2273; x_wconf 91' lang='lat' dir='ltr'>Vidit</span> <span class='ocrx_word' id='word_1_272' title='bbox 1351 2241 1501 2274; x_wconf 88' lang='lat' dir='ltr'>autem</span> <span class='ocrx_word' id='word_1_273' title='bbox 1511 2230 1684 2275; x_wconf 91' lang='lat' dir='ltr'>Peutin-</span> <span class='ocrx_word' id='word_1_274' title='bbox 1703 2228 1707 2229; x_wconf 44' lang='lat'><em>⁷</em></span> 
     </span>
     <span class='ocr_line' id='line_1_31' title="bbox 203 2289 1684 2361; baseline 0.004 -26"><span class='ocrx_word' id='word_1_275' title='bbox 203 2294 426 2354; x_wconf 86' lang='lat' dir='ltr'>gerianam</span> <span class='ocrx_word' id='word_1_276' title='bbox 437 2295 524 2351; x_wconf 86' lang='lat' dir='ltr'>jam</span> <span class='ocrx_word' id='word_1_277' title='bbox 536 2289 645 2336; x_wconf 90' lang='lat' dir='ltr'>olim</span> <span class='ocrx_word' id='word_1_278' title='bbox 656 2291 703 2336; x_wconf 91' lang='grc' dir='ltr'>Β.</span> <span class='ocrx_word' id='word_1_279' title='bbox 716 2289 953 2337; x_wconf 84' lang='lat' dir='ltr'>Rhenanus</span> <span class='ocrx_word' id='word_1_280' title='bbox 985 2325 999 2346; x_wconf 90' lang='lat'>,</span> <span class='ocrx_word' id='word_1_281' title='bbox 1043 2295 1120 2357; x_wconf 90' lang='lat' dir='ltr'>qui</span> <span class='ocrx_word' id='word_1_282' title='bbox 1132 2296 1220 2352; x_wconf 86' lang='lat' dir='ltr'>ejus</span> <span class='ocrx_word' id='word_1_283' title='bbox 1232 2310 1415 2361; x_wconf 89' lang='lat' dir='ltr'>quoque</span> <span class='ocrx_word' id='word_1_284' title='bbox 1424 2299 1468 2341; x_wconf 92' lang='lat' dir='ltr'>in</span> <span class='ocrx_word' id='word_1_285' title='bbox 1479 2293 1593 2341; x_wconf 89' lang='lat' dir='ltr'>libris</span> <span class='ocrx_word' id='word_1_286' title='bbox 1603 2293 1629 2340; x_wconf 90' lang='lat' dir='ltr'>s</span> <span class='ocrx_word' id='word_1_287' title='bbox 1622 2299 1684 2341; x_wconf 88' lang='lat' dir='ltr'>uis</span> 
     </span>
     <span class='ocr_line' id='line_1_32' title="bbox 203 2349 1878 2425; baseline 0.004 -23"><span class='ocrx_word' id='word_1_288' title='bbox 203 2373 353 2403; x_wconf 89' lang='lat' dir='ltr'>rerum</span> <span class='ocrx_word' id='word_1_289' title='bbox 365 2359 728 2404; x_wconf 87' lang='lat' dir='ltr'>Germanicarum</span> <span class='ocrx_word' id='word_1_290' title='bbox 739 2362 1012 2404; x_wconf 89' lang='lat' dir='ltr'>mentionem</span> <span class='ocrx_word' id='word_1_291' title='bbox 1024 2356 1129 2404; x_wconf 88' lang='lat' dir='ltr'>facit</span> <span class='ocrx_word' id='word_1_292' title='bbox 1139 2391 1152 2410; x_wconf 90' lang='lat'><em>,</em></span> <span class='ocrx_word' id='word_1_293' title='bbox 1166 2357 1219 2404; x_wconf 91' lang='lat' dir='ltr'>de</span> <span class='ocrx_word' id='word_1_294' title='bbox 1230 2361 1402 2407; x_wconf 83' lang='lat' dir='ltr'>Francis</span> <span class='ocrx_word' id='word_1_295' title='bbox 1412 2377 1543 2425; x_wconf 87' lang='lat' dir='ltr'>agens</span> <span class='ocrx_word' id='word_1_296' title='bbox 1563 2395 1576 2416; x_wconf 88' lang='lat'>,</span> <span class='ocrx_word' id='word_1_297' title='bbox 1613 2358 1680 2407; x_wconf 88' lang='lat' dir='ltr'>his</span> <span class='ocrx_word' id='word_1_298' title='bbox 1701 2352 1797 2419; x_wconf 48' lang='lat'>{222⁶</span> <span class='ocrx_word' id='word_1_299' title='bbox 1806 2349 1878 2422; x_wconf 50' lang='lat' dir='ltr'>{ff‘s</span> 
     </span>
     <span class='ocr_line' id='line_1_33' title="bbox 202 2421 1871 2492; baseline 0.002 -21"><span class='ocrx_word' id='word_1_300' title='bbox 202 2422 360 2471; x_wconf 86' lang='lat' dir='ltr'>verbis.</span> <span class='ocrx_word' id='word_1_301' title='bbox 426 2424 480 2471; x_wconf 84' lang='lat' dir='ltr'>In</span> <span class='ocrx_word' id='word_1_302' title='bbox 490 2421 637 2470; x_wconf 89' lang='lat' dir='ltr'>charta</span> <span class='ocrx_word' id='word_1_303' title='bbox 647 2422 919 2471; x_wconf 82' lang='lat' dir='ltr'>Provinciali</span> <span class='ocrx_word' id='word_1_304' title='bbox 937 2438 1064 2489; x_wconf 83' lang='lat' dir='ltr'>quam</span> <span class='ocrx_word' id='word_1_305' title='bbox 1079 2422 1192 2486; x_wconf 84' lang='lat' dir='ltr'>apud</span> <span class='ocrx_word' id='word_1_306' title='bbox 1199 2425 1433 2474; x_wconf 87' lang='lat' dir='ltr'>Conradum</span> <span class='ocrx_word' id='word_1_307' title='bbox 1445 2424 1681 2492; x_wconf 76' lang='lat' dir='ltr'>Peutinge-</span> <span class='ocrx_word' id='word_1_308' title='bbox 1701 2432 1871 2488; x_wconf 51' lang='lat' dir='ltr'>Germ-‘fito</span> 
     </span>
     <span class='ocr_line' id='line_1_34' title="bbox 201 2485 1679 2558; baseline 0.004 -22"><span class='ocrx_word' id='word_1_309' title='bbox 201 2504 303 2537; x_wconf 84' lang='lat' dir='ltr'>rum</span> <span class='ocrx_word' id='word_1_310' title='bbox 317 2488 503 2537; x_wconf 88' lang='lat' dir='ltr'>amicum</span> <span class='ocrx_word' id='word_1_311' title='bbox 521 2485 710 2555; x_wconf 86' lang='lat' dir='ltr'>nostrum</span> <span class='ocrx_word' id='word_1_312' title='bbox 726 2486 929 2555; x_wconf 66' lang='lat' dir='ltr'>Augusta</span> <span class='ocrx_word' id='word_1_313' title='bbox 946 2489 1140 2538; x_wconf 64' lang='lat' dir='ltr'>vidimua</span> <span class='ocrx_word' id='word_1_314' title='bbox 1150 2487 1249 2555; x_wconf 66' lang='lat' dir='ltr'>,stab</span> <span class='ocrx_word' id='word_1_315' title='bbox 1259 2492 1419 2541; x_wconf 71' lang='lat' dir='ltr'>ultimis</span> <span class='ocrx_word' id='word_1_316' title='bbox 1429 2493 1679 2558; x_wconf 84' lang='lat' dir='ltr'>Impp.depi-</span> 
     </span>
     <span class='ocr_line' id='line_1_35' title="bbox 200 2555 1680 2624; baseline 0.005 -22"><span class='ocrx_word' id='word_1_317' title='bbox 200 2555 307 2603; x_wconf 66' lang='lat' dir='ltr'>Ham</span> <span class='ocrx_word' id='word_1_318' title='bbox 323 2589 338 2608; x_wconf 88' lang='grc'>,</span> <span class='ocrx_word' id='word_1_319' title='bbox 375 2555 431 2606; x_wconf 61' lang='grc' dir='ltr'>ξδ’</span> <span class='ocrx_word' id='word_1_320' title='bbox 441 2555 466 2617; x_wconf 70' lang='grc' dir='ltr'>ξι</span> <span class='ocrx_word' id='word_1_321' title='bbox 478 2555 590 2603; x_wconf 87' lang='lat' dir='ltr'>Celte</span> <span class='ocrx_word' id='word_1_322' title='bbox 597 2555 643 2604; x_wconf 87' lang='lat' dir='ltr'>in</span> <span class='ocrx_word' id='word_1_323' title='bbox 651 2556 831 2621; x_wconf 84' lang='lat' dir='ltr'>quadam</span> <span class='ocrx_word' id='word_1_324' title='bbox 841 2555 1108 2605; x_wconf 82' lang='lat' dir='ltr'>Bibliotheca</span> <span class='ocrx_word' id='word_1_325' title='bbox 1118 2570 1331 2621; x_wconf 82' lang='lat' dir='ltr'>repertam</span> <span class='ocrx_word' id='word_1_326' title='bbox 1363 2593 1378 2612; x_wconf 87' lang='lat'><em>,</em></span> <span class='ocrx_word' id='word_1_327' title='bbox 1415 2559 1547 2624; x_wconf 73' lang='lat' dir='ltr'>plane</span> <span class='ocrx_word' id='word_1_328' title='bbox 1555 2572 1680 2609; x_wconf 83' lang='lat' dir='ltr'>vete-</span> 
     </span>
     <span class='ocr_line' id='line_1_36' title="bbox 200 2618 1679 2690; baseline 0.003 -20"><span class='ocrx_word' id='word_1_329' title='bbox 200 2629 294 2670; x_wconf 82' lang='lat' dir='ltr'>rem</span> <span class='ocrx_word' id='word_1_330' title='bbox 309 2656 323 2675; x_wconf 91' lang='lat'><em>‚</em></span> <span class='ocrx_word' id='word_1_331' title='bbox 339 2618 399 2689; x_wconf 82' lang='lat' dir='ltr'>fic</span> <span class='ocrx_word' id='word_1_332' title='bbox 410 2623 614 2688; x_wconf 83' lang='lat' dir='ltr'>leguntur</span> <span class='ocrx_word' id='word_1_333' title='bbox 621 2621 705 2671; x_wconf 71' lang='lat' dir='ltr'>ha’c</span> <span class='ocrx_word' id='word_1_334' title='bbox 714 2623 860 2687; x_wconf 85' lang='lat' dir='ltr'>oppida</span> <span class='ocrx_word' id='word_1_335' title='bbox 878 2623 930 2679; x_wconf 81' lang='lat' dir='ltr'>ab</span> <span class='ocrx_word' id='word_1_336' title='bbox 940 2621 1047 2690; x_wconf 72' lang='lat' dir='ltr'>ostiis</span> <span class='ocrx_word' id='word_1_337' title='bbox 1064 2623 1206 2672; x_wconf 82' lang='lat' dir='ltr'>Rheni</span> <span class='ocrx_word' id='word_1_338' title='bbox 1222 2623 1476 2690; x_wconf 83' lang='lat' dir='ltr'>ascendendo</span> <span class='ocrx_word' id='word_1_339' title='bbox 1494 2664 1507 2684; x_wconf 88' lang='lat'>,</span> <span class='ocrx_word' id='word_1_340' title='bbox 1537 2628 1679 2676; x_wconf 86' lang='lat' dir='ltr'>Carvo</span> 
     </span>
     <span class='ocr_line' id='line_1_37' title="bbox 201 2685 1677 2760; baseline 0.005 -25"><span class='ocrx_word' id='word_1_341' title='bbox 201 2691 336 2735; x_wconf 90' lang='lat' dir='ltr'>XIII.</span> <span class='ocrx_word' id='word_1_342' title='bbox 355 2685 490 2754; x_wconf 76' lang='lat' dir='ltr'>Castra</span> <span class='ocrx_word' id='word_1_343' title='bbox 502 2689 703 2738; x_wconf 75' lang='lat' dir='ltr'>Herculis</span> <span class='ocrx_word' id='word_1_344' title='bbox 723 2694 853 2738; x_wconf 92' lang='lat' dir='ltr'><strong>VIII.</strong></span> <span class='ocrx_word' id='word_1_345' title='bbox 874 2692 1180 2756; x_wconf 73' lang='lat' dir='ltr'>Noviomagus</span> <span class='ocrx_word' id='word_1_346' title='bbox 1200 2693 1240 2738; x_wconf 90' lang='lat' dir='ltr'>V</span> <span class='ocrx_word' id='word_1_347' title='bbox 1250 2696 1281 2739; x_wconf 93' lang='grc' dir='ltr'>Ι.</span> <span class='ocrx_word' id='word_1_348' title='bbox 1300 2694 1612 2760; x_wconf 79' lang='lat' dir='ltr'>Burginatium</span> <span class='ocrx_word' id='word_1_349' title='bbox 1621 2699 1677 2743; x_wconf 87' lang='lat' dir='ltr'>V.</span> 
     </span>
     <span class='ocr_line' id='line_1_38' title="bbox 201 2754 1675 2824; baseline 0.004 -21"><span class='ocrx_word' id='word_1_350' title='bbox 201 2754 369 2803; x_wconf 83' lang='lat' dir='ltr'>Colonia</span> <span class='ocrx_word' id='word_1_351' title='bbox 380 2757 563 2824; x_wconf 77' lang='lat' dir='ltr'>Trajana</span> <span class='ocrx_word' id='word_1_352' title='bbox 581 2760 623 2804; x_wconf 95' lang='lat' dir='ltr'><strong>X</strong></span> <span class='ocrx_word' id='word_1_353' title='bbox 632 2761 682 2804; x_wconf 94' lang='lat' dir='ltr'>L.</span> <span class='ocrx_word' id='word_1_354' title='bbox 703 2758 872 2807; x_wconf 88' lang='lat' dir='ltr'>Vetera</span> <span class='ocrx_word' id='word_1_355' title='bbox 887 2762 1020 2806; x_wconf 91' lang='lat' dir='ltr'><strong>XIII.</strong></span> <span class='ocrx_word' id='word_1_356' title='bbox 1031 2757 1315 2824; x_wconf 81' lang='lat' dir='ltr'>Asciburgum</span> <span class='ocrx_word' id='word_1_357' title='bbox 1335 2764 1374 2807; x_wconf 90' lang='lat' dir='ltr'>X</span> <span class='ocrx_word' id='word_1_358' title='bbox 1385 2764 1402 2808; x_wconf 94' lang='lat' dir='ltr'>I</span> <span class='ocrx_word' id='word_1_359' title='bbox 1414 2764 1431 2807; x_wconf 92' lang='lat'><em>1</em></span> <span class='ocrx_word' id='word_1_360' title='bbox 1441 2764 1496 2808; x_wconf 93' lang='grc' dir='ltr'>ΙΙ.</span> <span class='ocrx_word' id='word_1_361' title='bbox 1521 2763 1675 2809; x_wconf 66' lang='grc' dir='ltr'><em>Νοτε-</em></span> 
     </span>
     <span class='ocr_line' id='line_1_39' title="bbox 183 2816 1676 2892; baseline 0.002 -24"><span class='ocrx_word' id='word_1_362' title='bbox 183 2816 308 2889; x_wconf 84' lang='lat' dir='ltr'>stum</span> <span class='ocrx_word' id='word_1_363' title='bbox 325 2825 453 2872; x_wconf 90' lang='lat' dir='ltr'><strong>XVI.</strong></span> <span class='ocrx_word' id='word_1_364' title='bbox 473 2823 707 2889; x_wconf 79' lang='lat' dir='ltr'>Agrippina</span> <span class='ocrx_word' id='word_1_365' title='bbox 708 2820 843 2889; x_wconf 78' lang='lat' dir='ltr'>fitpra</span> <span class='ocrx_word' id='word_1_366' title='bbox 863 2825 1061 2874; x_wconf 86' lang='lat' dir='ltr'>Rhenum</span> <span class='ocrx_word' id='word_1_367' title='bbox 1061 2823 1262 2891; x_wconf 82' lang='lat' dir='ltr'>fluvium</span> <span class='ocrx_word' id='word_1_368' title='bbox 1279 2862 1292 2883; x_wconf 86' lang='lat'>‚</span> <span class='ocrx_word' id='word_1_369' title='bbox 1329 2842 1454 2891; x_wconf 86' lang='lat' dir='ltr'>quem</span> <span class='ocrx_word' id='word_1_370' title='bbox 1465 2826 1574 2875; x_wconf 88' lang='lat' dir='ltr'>linea</span> <span class='ocrx_word' id='word_1_371' title='bbox 1575 2840 1676 2892; x_wconf 64' lang='lat' dir='ltr'>pro-</span> 
     </span>
     <span class='ocr_line' id='line_1_40' title="bbox 198 2885 1674 2957; baseline 0.005 -21"><span class='ocrx_word' id='word_1_372' title='bbox 198 2889 332 2936; x_wconf 55' lang='lat' dir='ltr'>traua</span> <span class='ocrx_word' id='word_1_373' title='bbox 342 2885 532 2957; x_wconf 71' lang='lat' dir='ltr'>dcssgnat</span> <span class='ocrx_word' id='word_1_374' title='bbox 540 2890 586 2939; x_wconf 87' lang='lat' dir='ltr'>in</span> <span class='ocrx_word' id='word_1_375' title='bbox 594 2891 777 2940; x_wconf 84' lang='lat' dir='ltr'>dextero</span> <span class='ocrx_word' id='word_1_376' title='bbox 786 2892 931 2941; x_wconf 86' lang='lat' dir='ltr'>latere.</span> <span class='ocrx_word' id='word_1_377' title='bbox 936 2895 991 2940; x_wconf 88' lang='lat' dir='ltr'>Et</span> <span class='ocrx_word' id='word_1_378' title='bbox 999 2892 1023 2940; x_wconf 72' lang='grc' dir='ltr'><em>ὰ</em></span> <span class='ocrx_word' id='word_1_379' title='bbox 1023 2904 1150 2957; x_wconf 85' lang='lat' dir='ltr'>parte</span> <span class='ocrx_word' id='word_1_380' title='bbox 1162 2894 1400 2945; x_wconf 71' lang='lat' dir='ltr'>Germania</span> <span class='ocrx_word' id='word_1_381' title='bbox 1408 2894 1485 2944; x_wconf 89' lang='lat' dir='ltr'>hoc</span> <span class='ocrx_word' id='word_1_382' title='bbox 1492 2893 1674 2944; x_wconf 85' lang='lat' dir='ltr'>vocabu-</span> 
     </span>
     <span class='ocr_line' id='line_1_41' title="bbox 199 2953 1027 3027; baseline 0.006 -24"><span class='ocrx_word' id='word_1_383' title='bbox 199 2954 290 3003; x_wconf 85' lang='lat' dir='ltr'>lum</span> <span class='ocrx_word' id='word_1_384' title='bbox 300 2953 617 3023; x_wconf 72' lang='lat' dir='ltr'>est&#39;adfitriptum</span> <span class='ocrx_word' id='word_1_385' title='bbox 629 2957 783 3009; x_wconf 67' lang='lat' dir='ltr'>litteris</span> <span class='ocrx_word' id='word_1_386' title='bbox 792 2956 1027 3027; x_wconf 72' lang='lat' dir='ltr'>majustmlis</span> 
     </span>
     <span class='ocr_line' id='line_1_42' title="bbox 348 3027 1268 3085; baseline 0.004 -15"><span class='ocrx_word' id='word_1_387' title='bbox 348 3080 351 3085; x_wconf 19' lang='lat' dir='ltr'><strong>f</strong></span> <span class='ocrx_word' id='word_1_388' title='bbox 595 3027 628 3071; x_wconf 87' lang='lat' dir='ltr'><strong>F</strong></span> <span class='ocrx_word' id='word_1_389' title='bbox 692 3029 736 3074; x_wconf 88' lang='lat' dir='ltr'>R</span> <span class='ocrx_word' id='word_1_390' title='bbox 802 3030 844 3074; x_wconf 88' lang='lat' dir='ltr'>A</span> <span class='ocrx_word' id='word_1_391' title='bbox 910 3031 955 3074; x_wconf 87' lang='lat' dir='ltr'>N</span> <span class='ocrx_word' id='word_1_392' title='bbox 1021 3028 1062 3073; x_wconf 87' lang='lat' dir='ltr'>C</span> <span class='ocrx_word' id='word_1_393' title='bbox 1128 3029 1146 3073; x_wconf 92' lang='lat'>1</span> <span class='ocrx_word' id='word_1_394' title='bbox 1212 3031 1268 3075; x_wconf 83' lang='lat' dir='ltr'>A.</span> 
     </span>
     <span class='ocr_line' id='line_1_43' title="bbox 197 3084 1862 3158; baseline 0.007 -21"><span class='ocrx_word' id='word_1_395' title='bbox 197 3088 352 3155; x_wconf 59' lang='lat' dir='ltr'>versus</span> <span class='ocrx_word' id='word_1_396' title='bbox 361 3084 461 3155; x_wconf 84' lang='lat' dir='ltr'>ostia</span> <span class='ocrx_word' id='word_1_397' title='bbox 470 3088 611 3139; x_wconf 86' lang='lat' dir='ltr'>Rheni</span> <span class='ocrx_word' id='word_1_398' title='bbox 618 3089 731 3140; x_wconf 74' lang='lat' dir='ltr'>verb</span> <span class='ocrx_word' id='word_1_399' title='bbox 739 3125 752 3148; x_wconf 90' lang='lat'>,</span> <span class='ocrx_word' id='word_1_400' title='bbox 777 3090 862 3143; x_wconf 81' lang='lat' dir='ltr'>haec</span> <span class='ocrx_word' id='word_1_401' title='bbox 877 3092 1049 3142; x_wconf 88' lang='lat' dir='ltr'>nomina</span> <span class='ocrx_word' id='word_1_402' title='bbox 1061 3092 1265 3158; x_wconf 79' lang='lat' dir='ltr'>leguntur</span> <span class='ocrx_word' id='word_1_403' title='bbox 1282 3128 1297 3149; x_wconf 87' lang='lat'><strong><em>,</em></strong></span> <span class='ocrx_word' id='word_1_404' title='bbox 1333 3098 1375 3144; x_wconf 93' lang='lat' dir='ltr'>C</span> <span class='ocrx_word' id='word_1_405' title='bbox 1383 3096 1431 3144; x_wconf 89' lang='lat' dir='ltr'>H</span> <span class='ocrx_word' id='word_1_406' title='bbox 1438 3099 1478 3145; x_wconf 87' lang='lat' dir='ltr'>A</span> <span class='ocrx_word' id='word_1_407' title='bbox 1488 3101 1538 3146; x_wconf 93' lang='lat' dir='ltr'>M</span> <span class='ocrx_word' id='word_1_408' title='bbox 1547 3101 1588 3145; x_wconf 90' lang='lat' dir='ltr'>A</span> <span class='ocrx_word' id='word_1_409' title='bbox 1600 3098 1671 3145; x_wconf 89' lang='lat' dir='ltr'>VI</span> <span class='ocrx_word' id='word_1_410' title='bbox 1687 3112 1735 3148; x_wconf 66' lang='lat' dir='ltr'>*a</span> <span class='ocrx_word' id='word_1_411' title='bbox 1745 3113 1787 3140; x_wconf 78' lang='lat' dir='ltr'>m</span> <span class='ocrx_word' id='word_1_412' title='bbox 1795 3110 1862 3141; x_wconf 74' lang='grc' dir='ltr'>Ει-</span> 
     </span>
     <span class='ocr_line' id='line_1_44' title="bbox 197 3147 1862 3294; baseline 0.007 -89"><span class='ocrx_word' id='word_1_413' title='bbox 197 3155 228 3186; x_wconf 83' lang='lat'>*</span> <span class='ocrx_word' id='word_1_414' title='bbox 246 3149 607 3222; x_wconf 73' lang='lat' dir='ltr'>QUIELFRA</span> <span class='ocrx_word' id='word_1_415' title='bbox 619 3161 663 3206; x_wconf 87' lang='lat' dir='ltr'>N</span> <span class='ocrx_word' id='word_1_416' title='bbox 676 3162 755 3209; x_wconf 88' lang='lat' dir='ltr'>CI.</span> <span class='ocrx_word' id='word_1_417' title='bbox 796 3163 909 3210; x_wconf 74' lang='lat' dir='ltr'>rtem</span> <span class='ocrx_word' id='word_1_418' title='bbox 935 3162 961 3190; x_wconf 80' lang='lat'><strong>*</strong></span> <span class='ocrx_word' id='word_1_419' title='bbox 982 3163 1355 3294; x_wconf 54' lang='lat' dir='ltr'>CFIJIf‘JUCIVA</span> <span class='ocrx_word' id='word_1_420' title='bbox 1367 3167 1501 3213; x_wconf 84' lang='lat' dir='ltr'>PLA</span> <span class='ocrx_word' id='word_1_421' title='bbox 1513 3147 1862 3222; x_wconf 56' lang='lat' dir='ltr'>umififi‘zssffck</span> 
     </span>
     <span class='ocr_line' id='line_1_45' title="bbox 1167 3231 1866 3279; baseline 0.009 -20"><span class='ocrx_word' id='word_1_422' title='bbox 1167 3243 1195 3277; x_wconf 76' lang='lat'>²</span> <span class='ocrx_word' id='word_1_423' title='bbox 1553 3234 1665 3279; x_wconf 71' lang='lat' dir='ltr'>Item</span> <span class='ocrx_word' id='word_1_424' title='bbox 1683 3231 1866 3265; x_wconf 66' lang='lat' dir='ltr'>KffLuARJI</span> 
     </span>
    </p>
   </div>
   <div class='ocr_carea' id='block_1_4' title="bbox 420 276 1240 293">
    <p class='ocr_par' dir='ltr' id='par_1_4' title="bbox 420 276 1240 293">
     <span class='ocr_line' id='line_1_46' title="bbox 420 276 1240 293; baseline 0 0"><span class='ocrx_word' id='word_1_425' title='bbox 420 276 1240 293; x_wconf 95' lang='lat' dir='ltr'> </span> 
     </span>
    </p>
   </div>
   <div class='ocr_carea' id='block_1_5' title="bbox 242 286 416 296">
    <p class='ocr_par' dir='ltr' id='par_1_5' title="bbox 242 286 416 296">
     <span class='ocr_line' id='line_1_47' title="bbox 242 286 416 296; baseline 0 3158"><span class='ocrx_word' id='word_1_426' title='bbox 242 286 416 296; x_wconf 95' lang='lat' dir='ltr'> </span> 
     </span>
    </p>
   </div>
  </div>
 </body>
</html>
