2260 3454
971 99 1078 178 Q
1089 113 1102 161 2
1114 100 1236 179 (0):
1250 101 1355 180 Q

1078 234 1096 278 I
1110 236 1153 279 D
1167 234 1204 278 E
1218 236 1270 278 M

646 319 696 363 In
710 316 868 382 Elegia,
873 329 954 381 pro
965 317 1126 365 Criticis
1137 313 1349 380 Operibus
1364 315 1676 383 Gasp Schopp1'i
1690 337 1703 365 :

595 403 738 508 Slve
751 417 826 450 tua
835 436 847 457 ,
860 405 1133 450 VELSERE
1144 436 1156 454 ,
1173 400 1375 465 Augustae
1384 408 1459 468 qui
1471 405 1593 449 Pater
1604 404 1729 452 Urbis
1742 438 1757 458 ,

761 468 927 516 Consul
939 468 1120 516 consiliis
1135 467 1246 515 hanc
1258 473 1368 531 regis
1380 486 1519 533 usque
1532 469 1656 516 bonis
1665 487 1679 515 ε

593 536 686 594 Qli
701 536 793 581 tam
805 554 846 581 m
854 536 943 581 ulta
952 550 1072 582 tenes
1084 542 1275 599 antiqua,
1292 533 1466 600 sepulta,
1480 533 1659 589 vetusta,

756 605 817 648 Ut
829 601 992 665 stupeat
1003 602 1160 648 merito
1173 636 1184 656 ,
1198 604 1274 665 qui
1289 615 1362 647 tua
1372 600 1521 664 scripta
1537 601 1676 666 legat:

595 666 787 714 Annales
800 671 946 715 Patriae
961 667 1071 714 clara
1082 671 1158 732 qui
1169 671 1212 712 in
1224 666 1319 713 luce
1331 667 1492 719 locasti,

756 736 941 798 Optime
952 738 1154 792 Bojaricae
1167 733 1373 780 conditor
1387 732 1600 779 Historiae.

594 799 786 860 (Verum
801 817 888 863 ego
902 802 996 865 quo
1008 798 1138 846 laudu
1151 799 1269 845 feror
1283 799 1589 864 abripientibus
1604 798 1730 846 undis
1743 835 1755 855 ‚

751 868 866 926 Qlae
877 864 1004 912 condi
1008 866 1095 928 gne
1103 861 1218 912 aliud
1232 864 1370 911 dicere
1381 879 1552 931 tempus
1564 865 1680 928 erit0)

759 969 1163 1035 JOHANNES
1191 971 1572 1019 MELIRSJHS.

640 1054 789 1113 Upiter
803 1065 1007 1096 aeternam
1022 1053 1185 1096 Veneri
1195 1048 1447 1116 promiserat
1457 1049 1648 1107 Urbem,

749 1119 957 1181 Coeperat
967 1117 1036 1162 ille
1045 1130 1191 1163 tamen
1205 1116 1312 1179 pene
1323 1134 1465 1162 carere
1477 1114 1571 1161 fide.

591 1184 706 1227 Nam
722 1182 876 1228 misere
887 1180 1082 1247 collapla,
1096 1181 1257 1250 suaque
1272 1182 1432 1248 sepulta
1441 1186 1568 1228 ruina

755 1253 999 1315 Nunquam
1012 1249 1126 1314 polle
1137 1262 1269 1313 caput
1277 1248 1432 1294 tollere
1442 1248 1525 1295 visa
1538 1247 1629 1294 fuit.

590 1316 751 1381 Qlaeq3
774 1329 842 1361 tot
861 1316 1092 1362 attulerant
1102 1329 1342 1361 extremam
1352 1316 1556 1380 gentibus
1567 1314 1628 1361 ho
1635 1332 1727 1361 ram
1739 1349 1752 1370 ,

753 1385 785 1427 F
789 1396 856 1428 ata
866 1382 1130 1428 timebantur
1139 1385 1404 1428 conteritura
1419 1380 1504 1427 sem
1511 1380 1561 1427 el.

590 1449 650 1493 Et
659 1450 817 1494 merito
827 1482 838 1502 ,
851 1447 881 1494 fi
893 1466 983 1494 non
993 1462 1067 1494 aut
1076 1449 1233 1494 enthea
1243 1448 1346 1493 Scali
1351 1453 1442 1511 geri
1456 1453 1533 1498 vis,

751 1514 992 1561 Labentem
1005 1528 1209 1579 prompta
1219 1512 1464 1560 sustinuillet
1476 1530 1573 1578 ope.

590 1582 683 1624 Aut
700 1593 774 1626 tua
789 1598 863 1644 per
872 1579 985 1626 seros
999 1585 1130 1642 pietas
1142 1579 1426 1627 memoranda
1434 1593 1613 1644 nepotes

752 1650 943 1692 Maxima
957 1646 1170 1693 Vindelici
1183 1645 1322 1710 gloria
1335 1650 1382 1693 M
1389 1648 1552 1691 ARCE
1568 1644 1657 1691 soli.

588 1715 684 1758 Aut
695 1716 824 1759 etiam
834 1711 1020 1777 flagrans
1035 1711 1215 1758 sollertis
1225 1731 1327 1760 cura
1336 1716 1515 1758 Gruteri
1527 1747 1538 1765 ‚

664 1815 666 1818 -
739 1780 890 1842 Qem
907 1792 1059 1826 tenero
1071 1779 1218 1825 eduxit
1230 1780 1450 1844 Calliopea
1462 1777 1565 1824 finu.

795 1884 1062 1932 PETRHS
1099 1885 1540 1958 SCRIVERILIS.

585 1970 891 2069 RElliquiae
902 1970 1121 2037 superant:
1137 1972 1206 2019 sed
1221 1991 1324 2039 quas
1334 1988 1476 2036 quoq3
1491 1970 1641 2016 tollere
1650 1973 1844 2033 Tempus

756 2040 803 2082 In
817 2036 1123 2104 barathrumq3
1135 2043 1258 2102 Ignes
1269 2073 1280 2092 ‚
1314 2037 1383 2084 vel
1397 2037 1496 2085 dare
1506 2037 1620 2084 Bella
1628 2049 1789 2100 queant
1800 2052 1814 2080 ε

584 2104 645 2152 Ni
656 2116 776 2149 vetet
785 2108 951 2169 antiqui
964 2118 1181 2168 reparator
1193 2104 1381 2168 Scaliger
1390 2110 1480 2159 aevi,

745 2172 1179 2231 VELSERUSQE
1192 2176 1323 2217 atavis
1331 2172 1393 2215 no
1403 2174 1546 2216 minor
1555 2167 1636 2234 ipse
1649 2168 1741 2215 suis.

870 2276 1077 2323 HLIGO
1125 2275 1444 2326 GROTIHS.

243 2377 313 2415 Qae
330 2386 396 2413 pm-
581 2363 741 2464 AT
755 2374 818 2415 tu,
832 2358 1082 2425 supremum
1092 2361 1237 2424 Stirpis
1247 2362 1444 2426 Antiquae
1455 2361 1574 2421 jubar

241 2417 410 2491 ῗξῑῖῗξςέξΑ
701 2427 894 2473 Alumne
908 2428 1037 2479 Coeli,
1050 2426 1206 2493 Casarss
1215 2429 1379 2492 [Magni
1389 2445 1541 2492 genus,

239 2496 411 2565 ffifffifflffi
581 2497 677 2555 Qii
690 2493 760 2539 das
771 2491 936 2539 vetusta
950 2491 1217 2558 post—futuris
1228 2493 1364 2540 secula

581 2559 854 2624 Bataviaeq‘ue
864 2566 1004 2623 gentis
1016 2562 1121 2605 an:
1133 2573 1276 2616 tonos,

579 2626 831 2691 Polumque
845 2630 962 2671 terris
972 2659 983 2678 ,
996 2624 1127 2699 teque
1138 2626 1276 2680 nobis,
1290 2626 1395 2674 dum
1413 2629 1516 2673 licet

579 2695 789 2737 Succurre
802 2691 958 2737 Mundi
968 2691 1149 2755 Scaltger
1160 2691 1333 2739 damno.
1368 2696 1523 2739 Tuum

580 2758 637 2803 Te
650 2758 828 2819 Tempus
837 2756 966 2804 audit.
1002 2761 1068 2802 Te
1081 2757 1204 2803 decet
1217 2756 1375 2806 Lustris
1384 2760 1483 2806 dare

577 2826 781 2886 Leges,&
792 2828 923 2870 annis.
963 2823 1036 2870 Ille
1046 2822 1161 2870 felici
1174 2843 1308 2870 manu

576 2892 796 2934 Ferventis
813 2893 909 2936 AEvi
920 2903 1063 2954 raptus
1074 2906 1125 2935 ex
1138 2891 1334 2938 Incendio

577 2949 822 3016 Thcssturus',
831 2956 963 3004 Orbis
977 2955 1175 3021 naufragi
1187 2957 1304 3005 letstae
1319 2961 1394 3004 tua

1725 3095 1888 3139 Dextra
