2260 3454
505 252 771 288 AUCTORE
802 254 1068 288 BERNONE
1103 259 1346 296 ABBATE.
1582 251 1672 313 613

207 338 377 374 ens,aut
388 321 665 371 scirenolens‚
687 318 1025 384 asapientiffimo
1037 322 1273 371 Salomone
1285 327 1453 375 diotum
1486 348 1497 375 :
1527 335 1677 379 Haere-

207 387 330 443 ditas,
341 387 393 434 ad
405 403 535 453 quam
546 391 590 430 in
604 389 815 450 principio
827 383 1061 442 festinatur,
1073 390 1116 433 in
1128 390 1365 437 novissimo
1374 392 1677 445 benedidiione

206 455 366 500 carebit
400 470 410 498 :
446 451 600 497 milites
611 450 1058 517 Episcopi,totamcjue
1068 451 1280 501 familiam
1293 454 1433 504 statim
1443 459 1674 510 sacramen-

204 534 253 566 to
264 518 339 565 fibi
358 516 600 577 subjiciebat
619 552 631 572 ‚
665 534 714 563 ac
727 523 897 582 virgam
920 518 1173 582 pastoralem
1195 520 1367 586 publice
1391 541 1525 571 manu
1537 528 1672 590 gesta-

200 584 287 631 bat.
354 582 491 645 Qlod
503 587 639 629 caeteri
651 581 852 650 Episcopi
870 583 1046 649 indigne
1067 584 1252 634 ferentes
1269 623 1280 644 ‚
1316 589 1468 636 ambos
1480 591 1531 636 ad
1543 592 1669 655 syno-

198 649 306 696 dum
318 663 590 696 vocaverunt
600 685 610 705 ,
631 662 762 716 atque
774 650 1031 714 praeditstum
1053 651 1374 700 Adalberonem
1388 654 1595 704 haereticae
1604 677 1669 704 ar-

198 729 343 779 guunt
352 714 712 780 praesumptionis,
734 716 856 782 quod
869 721 1069 764 Domino
1082 716 1157 765 suo
1168 718 1310 766 adhuc
1321 718 1535 786 superstite
1547 760 1557 778 ,
1570 724 1667 771 talia

198 799 289 828 non
301 781 584 845 pertimuisset
595 780 806 847 usurpare.
848 786 908 830 At
920 782 991 831 ille
1002 783 1108 830 dum
1124 784 1177 830 de
1193 784 1372 845 objectis
1391 787 1464 834 fibi
1477 793 1664 836 crimini-

197 846 278 894 bus
291 847 328 894 se
338 848 466 894 vellet
477 865 661 913 purgare
696 881 710 900 ,
756 848 809 895 ab
818 848 1022 896 omnibus
1039 856 1268 898 inventum
1280 851 1360 904 est,
1381 852 1424 901 id
1442 854 1561 902 aliter
1574 854 1665 904 fieri

197 931 289 960 non
307 913 422 978 posse
456 950 468 970 ‚
513 913 587 960 nisl
608 914 741 960 allatis
763 914 1009 962 sanctorum
1031 918 1371 981 Evangeliorum
1394 924 1436 966 in
1455 921 1603 969 medio
1617 922 1665 969 li-

197 979 305 1033 bris,
326 980 591 1027 sacramento
610 979 819 1037 firmaret,
841 981 880 1027 se
893 980 1060 1028 nesciffe
1081 981 1253 1030 haerefin
1269 984 1389 1031 fuisse
1404 1022 1415 1041 ,
1437 987 1559 1054 quod
1569 989 1667 1037 talia

199 1045 515 1112 praesumpfiffet
527 1044 678 1093 facere.
746 1046 918 1110 Qibus
937 1048 1143 1095 omnibus
1163 1083 1176 1102 ,
1241 1069 1302 1097 uae
1315 1051 1366 1098 ad
1379 1050 1466 1099 hoc
1486 1060 1664 1119 negoci-

199 1131 277 1159 um
289 1113 752 1179 pertinebant,expletis
765 1147 778 1166 ,
791 1119 833 1159 in
845 1113 915 1160 sua
924 1113 1143 1161 redierunt
1154 1133 1221 1161 am
1256 1134 1285 1162 o
1297 1117 1532 1183 Episcopus
1545 1124 1589 1166 8<
1604 1126 1664 1167 A-

200 1178 389 1235 daibero,
403 1179 508 1226 talia
520 1178 658 1225 sanffita
670 1179 836 1243 synodo
849 1180 1142 1227 consolatione
1154 1197 1352 1247 percepta
1364 1220 1374 1238 ,
1386 1198 1435 1230 ut
1445 1187 1661 1251 Episcopo

198 1244 431 1291 decedente
448 1245 501 1292 ab
514 1244 595 1291 hac
610 1250 697 1292 vita
709 1277 721 1296 ‚
741 1245 883 1292 nullus
894 1263 974 1310 pro
988 1263 1041 1292 eo
1053 1245 1158 1292 alius
1170 1246 1268 1294 esset
1286 1248 1546 1297 ordinandus
1559 1288 1570 1307 ,
1587 1251 1663 1299 nisi

197 1311 522 1376 ipseAdalbero.
589 1309 668 1356 Sed
681 1328 771 1356 non
783 1309 838 1356 est
850 1310 1048 1376 sapientia
1065 1344 1078 1363 ‚
1115 1330 1204 1358 non
1216 1312 1272 1359 est
1283 1314 1506 1379 prudentia
1528 1353 1540 1372 ,
1569 1336 1661 1364 non

197 1376 255 1424 est
267 1376 492 1424 confilium
504 1390 654 1422 contra
666 1380 926 1423 Dominum.
960 1381 1077 1424 Nam
1090 1377 1246 1425 eodem
1259 1398 1373 1426 anno
1385 1381 1478 1446 post
1490 1382 1658 1448 aliquot

197 1442 359 1490 menses
380 1479 392 1498 ,
426 1442 531 1488 dum
550 1440 736 1508 quadam
756 1443 824 1488 die
838 1449 923 1503 jam
949 1442 1001 1488 ad
1024 1442 1244 1508 vesperam
1266 1447 1495 1494 inclinante
1515 1449 1661 1512 praedi·

197 1511 292 1557 &us
311 1508 486 1556 clericus
504 1506 557 1554 ad
576 1508 764 1554 mensam
788 1526 891 1554 cum
911 1514 1006 1555 viro
1024 1513 1106 1555 Dei
1125 1516 1296 1557 noviter
1314 1511 1424 1559 secsta
1443 1532 1553 1560 vena
1572 1514 1661 1561 refi-

195 1575 314 1622 deret
330 1611 342 1630 ,
375 1592 424 1620 ac
435 1572 642 1640 quiddam
665 1573 868 1621 molessiae
889 1589 1066 1640 propter
1085 1575 1333 1623 incisionem
1356 1597 1474 1626 venae
1495 1579 1662 1627 sustine-

192 1657 256 1688 ret
275 1678 286 1697 ,
316 1639 556 1687 &consessus
568 1639 713 1686 medio
725 1647 921 1688 concitus
932 1640 1104 1705 surgens
1124 1676 1136 1694 ‚
1164 1644 1363 1690 cubitum
1385 1650 1443 1691 ire
1454 1652 1660 1710 perrexit,

192 1706 423 1773 statimque
441 1711 483 1752 in
496 1705 580 1771 ipsa
597 1707 728 1752 nocste
748 1706 955 1770 praesentis
971 1713 1068 1754 vitae
1081 1715 1318 1757 terminum
1329 1710 1487 1758 clausit.
1517 1713 1657 1776 Qiod

190 1772 428 1839 Episcopus
442 1790 551 1818 mox
573 1789 646 1836 per
660 1772 850 1836 spiritum
874 1772 1163 1837 cognoscens,
1186 1793 1286 1821 eum
1301 1810 1314 1827 ,
1338 1783 1413 1843 qui
1427 1777 1478 1824 ad
1494 1797 1656 1826 annun-

190 1838 394 1886 ciandum
406 1852 596 1884 mortem
605 1836 677 1883 sibi
691 1843 931 1894 intraverat,
943 1840 1243 1903 praeveniendo
1256 1841 1364 1889 dixit
1385 1859 1396 1888 :
1417 1844 1657 1911 Scio‚quod

192 1904 410 1952 Adalbero
422 1918 623 1951 mortuus
634 1902 703 1950 est.
772 1903 932 1951 Festina
949 1938 961 1956 ,
989 1908 1033 1950 ὃς
1049 1904 1118 1953 fac
1135 1906 1389 1955 vehiculum
1409 1917 1629 1974 praeparari
1644 1948 1657 1968 ,

192 1986 242 2019 ut
255 1970 593 2038 poffimusillum
607 1969 845 2034 Augustam
860 1970 1035 2018 deferre.
1083 1973 1370 2021 Morabantur
1387 1989 1534 2023 autem
1549 1991 1654 2024 tunc

190 2043 399 2103 temporis
425 2043 467 2084 in
480 2035 670 2093 castello,
690 2037 812 2102 quod
824 2036 943 2083 Dilin
948 2055 1003 2102 ga
1021 2036 1189 2086 dicitur.
1260 2043 1433 2106 Corpus
1446 2045 1553 2089 vero
1565 2049 1653 2102 ejus

191 2110 391 2151 exanime
401 2106 424 2150 a
437 2103 580 2150 sancsto
592 2102 802 2150 Pontifice
821 2103 1061 2168 Augustam
1080 2105 1291 2171 perlatum
1303 2141 1314 2159 ‚
1334 2113 1376 2154 in
1387 2108 1559 2156 ecclefia
1570 2110 1656 2157 san-

191 2171 270 2218 E’tae
284 2174 428 2217 Mariae
440 2169 497 2216 est
508 2169 755 2216 humatum.
824 2172 938 2216 Inter
949 2185 1097 2219 caetera
1107 2172 1402 2221 misericordiae
1414 2175 1541 2230 bona,
1556 2195 1652 2244 quae

191 2255 271 2302 pro
283 2241 429 2304 requie
439 2241 589 2283 animae
601 2235 660 2282 sui
670 2241 839 2301 nepotis
850 2236 1152 2300 agebat,etiam
1164 2239 1411 2290 Abbatiam‚
1427 2243 1653 2290 Utenbura

161 2360 170 2362 s
191 2302 376 2354 dictam,
398 2321 529 2369 quam
542 2302 612 2349 ille
622 2301 730 2349 dum
744 2308 928 2359 viveret,
949 2308 991 2350 in
1003 2304 1264 2352 beneficium
1282 2307 1474 2359 tenebat,
1496 2307 1651 2355 sibiad-

189 2367 374 2435 quifivst,
388 2373 432 2415 δε
446 2368 593 2416 tandiu
605 2374 948 2438 tenuit,quousq;
959 2369 1083 2436 ipsius
1096 2370 1236 2419 studio
1247 2371 1406 2421 donata
1420 2373 1476 2421 est
1488 2373 1652 2422 liberta-

188 2441 240 2482 tis
252 2434 493 2501 privilegio.

293 2506 377 2548 Die
387 2501 573 2568 quadam
593 2501 739 2549 sancsto
761 2506 843 2549 Dei
862 2507 940 2549 iter
961 2509 1106 2568 agenti
1118 2502 1259 2551 homo
1272 2505 1447 2572 quidam
1468 2505 1623 2553 adstitit
1632 2506 1806 2564 ,Cap-²1·

187 2572 263 2634 qui
274 2567 999 2635 ConradiConstantienfisEpiscopi
1012 2571 1184 2618 obitum
1198 2570 1477 2619 certiffimum
1489 2572 1648 2620 indica-

189 2639 262 2680 vit.
331 2633 414 2681 Illis
431 2636 537 2681 vero
555 2671 567 2691 ,
594 2640 669 2701 qui
681 2634 877 2689 aderant,
904 2635 1162 2700 sperantibus
1175 2671 1188 2690 ‚
1209 2636 1331 2705 quod
1342 2636 1479 2684 statim
1490 2656 1569 2704 pro
1581 2657 1645 2686 re-

190 2700 408 2765 quieillius
421 2699 540 2748 solita
558 2706 839 2768 exequiarum
854 2701 996 2750 officia
1015 2703 1143 2751 vellet
1154 2704 1364 2751 celebrare
1380 2737 1393 2756 ,
1425 2704 1496 2751 ille
1537 2724 1579 2752 er
1592 2705 1645 2752 se-

189 2773 593 2823 cretumnuncium,
605 2767 678 2814 fibi
691 2767 822 2815 adesse
831 2768 1004 2817 solitum
1019 2804 1031 2823 ‚
1047 2769 1174 2817 sciens
1186 2769 1290 2838 quid
1302 2788 1353 2816 ex
1365 2769 1453 2817 hoc
1464 2723 1562 2819 esset
1573 2790 1644 2819 ve-

186 2850 283 2880 rum
305 2869 317 2888 ‚
341 2839 464 2880 aiteis
499 2853 510 2880 :
557 2837 729 2882 Manete
746 2840 917 2882 interim
939 2842 1263 2903 animaequiores
1282 2870 1295 2888 ,
1331 2838 1644 2904 manecompe-

187 2905 300 2945 rietis
319 2933 331 2951 ,
361 2899 465 2967 quid
483 2900 581 2948 inde
599 2900 768 2948 credere
789 2901 986 2949 debeatis.
1056 2903 1245 2950 Crastina
1264 2902 1331 2949 die
1342 2902 1532 2951 diluculo
1545 2911 1641 2972 qui-

187 2964 289 3012 dam
300 2966 549 3013 Constantia
559 2972 677 3013 venit
688 2999 699 3018 ‚
720 2973 793 3034 qui
804 2969 993 3034 praediffl
1004 2975 1082 3016 viri
1097 2968 1338 3034 sospitatem
1349 2975 1637 3019 annunciavit.

187 3034 246 3078 Et
264 3037 578 3098 omnipotentis
596 3037 679 3079 Dei
696 3033 885 3083 famulus
920 3072 932 3093 ,
976 3036 1075 3082 licet
1088 3050 1257 3101 tempus
1278 3034 1546 3085 resolutionis
1558 3037 1639 3084 suae

185 3104 271 3158 jam
284 3098 430 3145 instare
441 3117 530 3146 non
541 3103 782 3163 ignoraret,
802 3116 950 3149 tamen
971 3101 1165 3169 quandiu
1177 3108 1340 3168 potuit,
1364 3102 1569 3151 vehiculo
1581 3103 1638 3151 su-

185 3165 423 3233 perposltus
456 3199 469 3219 ,
516 3163 649 3214 divini
659 3168 778 3215 verbi
799 3168 955 3216 semina
973 3175 1015 3216 in
1026 3169 1290 3217 audientium
1305 3169 1434 3218 corda
1445 3170 1637 3236 spargere

1106 3238 1147 3281 G
1158 3253 1188 3301 g
1197 3253 1229 3302 g
1548 3255 1639 3284 non
