2260 3454
510 446 588 495 Ista
602 446 779 516 sequens
802 465 959 514 pagina
979 452 1159 492 tricenas
1177 462 1329 510 quinas
1340 444 1498 494 litteras
1513 465 1589 514 per
1602 465 1759 497 omnes
1771 468 1870 499 ver-

402 512 468 560 sus
480 513 624 563 habet.
659 518 718 562 Et
730 514 786 563 est
798 519 963 579 primus
976 513 1122 559 verlus
1142 518 1284 559 minio
1302 529 1376 577 per
1390 513 1677 570 amfraaefiwm,
1690 517 1715 563 ὲ
1729 523 1868 583 prima

400 576 542 629 littera
555 600 691 648 usque
703 581 757 629 ad
770 582 973 629 ultimam
988 578 1181 625 litteram
1195 583 1321 644 primi
1336 579 1480 627 versus
1491 617 1503 639 ,

607 670 766 724 Fmgere
777 668 906 722 Musa
914 675 1032 721 queat
1041 665 1159 717 talisi
1162 668 1330 711 carmine
1344 668 1496 722 vultus,

397 736 537 784 Simili
552 736 770 783 amfradiu
784 753 860 799 per
871 731 1208 781 acrostichidem
1225 739 1269 781 in
1283 734 1486 784 deorsum
1499 734 1672 786 versum
1690 739 1715 785 ὲ
1725 738 1871 787 Γεειιῐιέ

396 804 454 851 da
472 804 613 850 littera
625 819 766 866 usque
784 800 836 848 ad
846 801 1152 866 penultimam,

608 879 774 935 Augusti
780 908 794 932 ,
802 888 862 928 (φ
869 878 987 920 metri
996 883 1056 926 (θ’
1063 879 1198 933 versus·
1209 878 1289 934 lege
1298 893 1491 937 manente,

398 955 512 999 Item
527 948 650 1062 sinsiili
666 948 882 996 amsi-adiu
899 947 1085 1020 ultimus
1096 946 1236 996 versus
1248 950 1272 995 ἐι
1283 955 1425 1014 prima
1434 953 1574 999 littera
1585 969 1666 1018 usq
1673 971 1727 1000 ue
1745 954 1797 1002 ad
1809 953 1871 1001 ul-

398 1033 558 1066 timam
592 1035 634 1062 iu
645 1051 656 1071 ‚

610 1092 722 1136 Ρίέῖιι
736 1092 1007 1135 clement-<orum
1017 1090 1133 1135 vario
1135 1100 1208 1147 per
1215 1091 1355 1145 musica
1369 1104 1496 1146 textu,

400 1164 600 1232 Adaeque
619 1170 781 1212 iterum
800 1169 890 1229 pari
912 1162 1130 1210 amfraaestu
1151 1168 1193 1209 in
1214 1161 1486 1213 telostichide
1498 1169 1522 1213 a
1538 1163 1720 1214 secunda
1738 1167 1879 1214 littera

399 1254 449 1288 ac
457 1231 666 1283 deorsum
677 1230 851 1278 versum
860 1246 1004 1295 usquc
1014 1228 1069 1277 ad
1079 1230 1385 1294 penult-imam,

608 1310 762 1353 Vmcere
779 1308 949 1363 Apelleaes
959 1308 1115 1350 ardebit
1125 1310 1270 1364 pagina
1288 1321 1406 1352 ceras.

399 1391 513 1438 Item
534 1386 586 1434 ab
605 1385 765 1433 offlava
790 1382 961 1430 decima
981 1386 1111 1447 primi
1130 1381 1277 1428 versus
1300 1381 1442 1430 littera
1456 1413 1468 1435 ‚
1490 1376 1543 1430 ad
1563 1381 1781 1432 direcC'tum
1801 1400 1878 1450 pet

401 1456 598 1504 medium
611 1450 816 1499 deorsum
825 1447 999 1497 versum
1011 1445 1284 1502 descendens,

610 1538 789 1582 Grandia
805 1533 1068 1591 quaerenturst
1076 1535 1182 1576 vatis
1200 1535 1287 1576 laeta
1304 1535 1469 1576 camena

399 1619 513 1663 Item
537 1610 589 1658 ad
608 1610 815 1656 offlavam
836 1606 1056 1652 decimam
1074 1601 1366 1651 acrostichidis
1385 1623 1461 1668 per
1480 1605 1680 1654 medium
1697 1607 1752 1656 ad
1770 1607 1879 1658 dire.

399 1682 527 1728 <stum
549 1675 716 1731 versus,

606 1762 704 1815 Orsa
716 1760 834 1813 juvet
843 1757 980 1814 ,versit
994 1754 1209 1812 confignans
1225 1767 1343 1797 aurea
1349 1755 1474 1810 fiecla,

510 1838 556 1882 In
569 1833 651 1881 hac
663 1834 821 1894 pagina
839 1841 1033 1892 quatuor
1050 1825 1283 1888 hexagona
1298 1823 1394 1872 sunt
1405 1830 1495 1892 pari
1509 1843 1698 1874 numero
1717 1826 1877 1878 littera..

401 1922 501 1951 rum
514 1941 524 1959 ,
545 1905 589 1946 ὃ(
614 1897 722 1944 octo
736 1893 993 1959 orthogona
1013 1891 1192 1955 adaeque
1215 1896 1304 1954 pari
1324 1910 1514 1942 numero
1535 1893 1780 1944 litterarum
1799 1913 1874 1961 per

401 1969 586 2037 lingulas
601 1964 759 2013 litteras
773 1961 1001 2009 crelcentia
1017 1963 1060 2007 δέ
1073 1955 1370 2008 decrescentia.
