2260 3454
370 2987 388 3004 ²⁸
398 2987 471 3023 Lycus
479 2985 538 3011 Sue.

370 3028 441 3053 §iam
449 3021 478 3052 55
492 3026 538 3050 Ba-

370 3068 474 3093 Sartam
483 3064 528 3090 di-

366 3106 525 3144 [criminat.

537 95 630 179 520
1011 120 1160 156 VITA
1195 122 1233 154 S.
1282 120 1576 156 HDALRICJ

538 206 614 266 qui
642 196 785 243 adhuc
811 202 1145 237 contemnentes
1172 195 1261 248 ejus
1293 187 1526 234 confilium
1553 205 1646 233 non
1675 187 1950 234 crediderunt
1970 195 2019 237 ei.

539 269 688 311 Tertia
727 272 876 305 autem
910 257 980 302 die
1006 254 1183 302 audiens
1214 259 1418 319 vagitum
1447 260 1536 313 ejus
1565 252 1857 304 infirmiorem
1884 272 2021 320 quam

538 344 662 377 antea
676 363 688 382 ,
734 323 905 371 dicebat
921 322 974 369 ad
990 340 1064 368 eos
1081 327 1122 378 ‚,''-
1138 339 1221 386 pro
1241 326 1404 367 incuria
1426 320 1564 369 vestra
1583 319 1818 384 perditioni
1837 319 2022 374 traditur

538 389 862 442 infanmlmiste
882 426 894 446 ’
928 407 1012 455 Pro
1031 385 1160 436 cesto
1174 387 1322 442 semis,
1340 392 1444 454 quia
1460 386 1490 434 fi
1518 385 1724 434 uberibus
1747 404 1839 432 non
1859 384 2023 451 subtra-

537 463 672 516 hitur,
685 465 728 506 in
749 456 824 506 ista
834 457 968 503 noCte
987 460 1201 502 morietur
1233 472 1244 499 ε
1280 451 1310 499 fi
1328 450 1478 500 aufem
1495 450 2021 515 subtradius,salvabituf','

538 535 583 576 in
594 526 816 594 posterum
836 525 861 570 ὲ
880 519 1268 587 Domino'aliquid
1288 536 1505 584 magnum
1523 525 1567 566 in
1586 537 1641 566 eo
1660 518 2017 585 manifestabitur.
2035 572 2037 576 χ

539 599 669 642 Tunc
686 591 871 639 demum
889 595 927 636 ei
944 588 1296 653 obtemperantes
1314 586 1405 632 aliis
1426 605 1530 634 eum
1548 586 1647 634 escis
1676 585 1905 634 sustentare
1927 594 2021 637 coe-

539 674 697 730 perunt
741 677 753 706 :
800 655 1029 724 quistatim
1039 667 1254 700 recreatus
1274 652 1328 699 de
1337 651 1408 706 die,
1423 657 1468 700 in
1479 653 1596 700 diem
1614 651 1866 718 proficiens,
1887 649 2024 700 taler'ti

541 745 701 793 corpus
735 721 1057 771 formositatem
1086 725 1254 783 accepit
1277 752 1290 771 ,
1326 732 1379 766 ut
1406 718 1481 785 ipsi
1503 719 1563 766 sui
1590 735 1785 785 parentes
1805 728 2024 784 gratantes

541 813 646 843 eum
666 799 935 839 intuerentur
948 791 994 834 δε
1012 787 1103 833 aliis
1121 784 1416 838 ostenderent,
1435 791 1512 854 qui
1523 786 1748 834 laudantes
1769 789 2025 833 Dominum

542 861 611 909 die
623 856 850 922 notff'mciue
862 872 941 921 pro
951 852 1147 918 sospitate
1164 856 1284 917 pueri
1302 885 1315 904 ‚
1351 855 1398 898 δε
1409 870 1489 916 pro
1499 871 1554 899 eo
1567 889 1578 909 ,
1596 852 1720 920 quod
1739 853 1873 899 talem
1885 852 1938 899 ad
1948 870 2024 899 eos

541 929 695 975 direxit
718 922 934 987 hospitem
960 956 972 976 ‚
1011 923 1087 986 qui
1109 916 1223 965 istius
1243 925 1302 964 rei
1331 918 1634 966 discretionem
1660 918 1955 985 cognoscebat
1978 923 2023 966 ὃ(

541 995 621 1040 illis
642 987 949 1037 innotescebat.
1019 990 1088 1032 De
1104 990 1327 1050 praeteritis
1348 987 1458 1049 ergo
1478 985 1625 1032 futura
1653 986 1874 1032 credentes
1892 1022 1903 1041 ,
1938 1000 2025 1032 tra-

542 1062 772 1106 citaverunt
786 1055 858 1101 ubi
878 1057 1017 1101 vitam
1037 1050 1397 1116 religiofiffimam
1415 1056 1459 1097 &
1473 1050 1658 1098 docendi
1675 1051 2024 1099 studiosissimam

543 1129 734 1172 invenire
758 1119 999 1186 ¹potuissent
1029 1155 1041 1175 ‚
1087 1117 1359 1184 acceptoque
1387 1117 1569 1164 confilio
1596 1118 2025 1165 commendaverunt

543 1210 646 1239 eum
659 1188 711 1238 ad
724 1192 763 1234 S.
775 1187 888 1234 Gal‘ii
909 1184 1218 1232 monasterium
1242 1221 1253 1240 ,
1289 1190 1390 1250 quia
1405 1186 1461 1230 ibi
1475 1185 1692 1231 nobilium
1705 1189 1787 1231 Dei
1799 1183 2025 1232 servorum

545 1254 788 1306 multitudo
811 1290 822 1309 ,
870 1257 914 1298 ὃς
929 1250 1179 1315 religiositas
1199 1250 1384 1297 discendi
1404 1250 1684 1317 docendique
1705 1250 1896 1297 studium
1918 1265 2025 1297 tunc

549 1328 758 1388 temporis
784 1319 1036 1366 habebatur.
1104 1317 1456 1364 Commendatus
1486 1324 1593 1364 vero
1621 1318 1792 1364 cuidam
1820 1316 2024 1382 religiolo

547 1397 644 1438 viro
658 1392 951 1446 nrammaticae
963 1389 1061 1430 artis
1074 1383 1449 1449 edocftowaning
1463 1397 1719 1449 nuncupato
1736 1417 1750 1435 ‚
1774 1384 1798 1429 a
1808 1401 1901 1450 quo
1914 1384 2024 1430 bene

546 1443 803 1523 procuratus
824 1450 1127 1518 quotidianam
1145 1450 1365 1514 religionis
1388 1465 1519 1516 atque
1548 1451 1745 1497 leotionis
1772 1449 2023 1497 doetrinam

547 1527 712 1585 accepit
731 1554 742 1572 ,
782 1523 878 1565 &in
892 1522 1054 1563 intimis
1065 1515 1122 1562 sui
1133 1517 1274 1563 cordis
1291 1516 1463 1563 inseruit
1484 1553 1494 1572 ‚
1526 1515 1634 1563 adeo
1645 1531 1696 1563 ut
1709 1516 1919 1582 paulatim
1936 1515 2024 1563 fra-⁹

550 1605 634 1637 tres
652 1593 695 1634 in
715 1604 768 1632 eo
786 1584 994 1631 docf'trinae
1016 1581 1396 1629 fruotificationem
1417 1588 1543 1628 nimis
1567 1581 1778 1646 proficere
1796 1581 2022 1640 sentirent,

554 1660 598 1703 8(
616 1655 674 1701 ob
694 1653 783 1699 hoc
803 1669 906 1698 eum
926 1655 966 1695 in
978 1649 1058 1695 suae
1079 1648 1352 1695 fraternitatis
1369 1648 1642 1695 consortium
1659 1648 1900 1712 flagitando
1916 1648 2024 1695 assu-

553 1739 671 1769 mere
691 1730 963 1765 conarentur.
1022 1718 1202 1760 Horum
1224 1720 1370 1780 itaque
1396 1714 1678 1779 petitionibus
1700 1715 1804 1778 saepe
1823 1732 2024 1777 commo-v

551 1795 667 1835 nitus
680 1819 690 1837 ,
710 1783 900 1831 inducias
918 1779 1199 1847 respondendi
1218 1779 1464 1845 postulavit.
1520 1784 1810 1848 Tuncitaque
1829 1780 1883 1827 ad
1892 1800 2024 1849 quan.

550 1854 652 1901 dam
672 1851 729 1899 ibi
748 1862 1105 1897 commorantem
1127 1846 1333 1893 inclusam
1350 1849 1376 1875 *
1402 1847 1599 1893 W'iberat
1622 1852 1894 1894 nominatam
1919 1866 2022 1895 con-

549 1921 691 1968 silium
703 1916 936 1980 quaerendo
947 1912 1117 1960 accessit
1137 1932 1147 1959 :
1169 1932 1264 1978 quae
1276 1913 1533 1978 respondens
1544 1912 1650 1959 dixit
1660 1913 1812 1977 e‘i‚post
1823 1913 2020 1961 triduum

548 1987 602 2035 ad
612 2004 683 2031 me
694 1980 915 2038 veniens,s1
926 1985 1024 2027 Deo
1036 1979 1195 2045 placet,
1216 1997 1365 2026 meum
1379 1986 1537 2045 poteris
1556 1980 1897 2027 animadvertere
1913 1999 2021 2029 con-

549 2054 640 2102 siliu
647 2070 705 2098 m.

597 2189 618 2203 ²*
642 2191 814 2224 Hermam,
827 2182 1014 2218 Contrach
1024 2179 1111 2218 edit.
1121 2193 1139 2224 9
1147 2193 1163 2215 1
1171 2185 1192 2216 6
1193 2213 1197 2217 .
1210 2180 1316 2232 Apud
1322 2187 1356 2218 S.
1366 2181 1505 2218 Gallum
1513 2177 1621 2218 beata
1628 2181 1737 2232 virgo
1747 2178 1946 2219 Wiborada
1955 2193 2015 2217 ar-

704 2233 794 2267 c‘Jlus
804 2232 855 2267 es?
864 2229 1012 2280 inclnsa.
1065 2228 1152 2280 Ergb
1161 2231 1274 2266 etiam
1283 2239 1397 2266 antea
1405 2229 1540 2275 inclusit
1555 2230 1724 2279 fuit7sed
1732 2243 1803 2265 non
1814 2240 1892 2267 tam
1907 2232 2019 2269 ανσῖὲ.

701 2281 882 2317 adalricus
891 2293 970 2315 eam
979 2279 1153 2327 conficluit
1173 2288 1261 2315 ante
1275 2291 1334 2315 an.
1352 2284 1429 2322 916,
1447 2278 1516 2314 imb
1533 2289 1624 2316 ante
1638 2293 1698 2315 aaz.
1711 2293 1791 2323 909.
1805 2279 1902 2331 quod
1914 2293 1961 2315 ex
1966 2280 2017 2328 [ἒ-

701 2326 888 2381 quentibm
900 2338 1037 2364 certam
1044 2328 1106 2379 fit.
1130 2326 1304 2366 Trithem.
1318 2326 1448 2363 devtr.
1458 2325 1564 2374 illust.
1583 2328 1669 2364 Ord.
1682 2333 1716 2364 S.
1727 2329 1904 2367 Benediff.
1917 2325 1978 2366 lib.
1984 2342 2016 2372 3.

706 2387 778 2427 cap.
789 2392 807 2413 2
815 2392 873 2420 24.
884 2374 1111 2414 Wz'beradem
1119 2379 1296 2418 nominat,
1312 2377 1368 2422 ait
1379 2374 1541 2425 claruiſje
1548 2391 1608 2413 an.
1617 2391 1663 2421 92
1671 2392 1701 2414 ο.
1712 2374 1769 2413 Ab
1780 2381 2018 2430 Hngarzisper-

704 2437 823 2479 empta
833 2424 877 2474 cst
883 2440 940 2464 an.
951 2440 970 2470 9
977 2441 997 2462 2
1002 2440 1031 2470 5.
1041 2428 1220 2463 contrad-i.
1233 2422 1464 2462 Coenobtolum
1475 2426 1546 2472 <jus
1555 2429 1697 2464 nomine
1707 2426 1890 2465 conditum
1900 2455 1908 2470 ,
1925 2427 2020 2475 cujus

704 2478 870 2513 meminit
880 2473 1018 2522 Brufith.
1027 2477 1068 2512 in
1075 2474 1238 2525 descript.
1245 2471 1388 2524 monast.
1398 2479 1430 2511 V
1427 2475 1543 2512 mear.

553 2593 654 2639 inde
674 2593 749 2641 illo
761 2593 986 2641 recedente
1000 2592 1089 2658 ipsa
1099 2591 1270 2639 devota:
1292 2595 1498 2638 orationis
1518 2589 1658 2638 studio
1678 2593 1928 2637 Dominum
1945 2590 2020 2638 fla-

557 2661 719 2721 gitabat
738 2695 751 2712 ‚
787 2675 837 2707 ut
857 2660 1016 2707 statuto
1043 2657 1111 2705 die
1127 2664 1236 2705 certi
1256 2657 1508 2723 veracisque
1535 2656 1697 2704 consilii
1712 2656 1924 2703 indicium
1943 2656 2019 2704 sibi

560 2726 823 2774 manifestare
866 2725 1080 2791 potuisset.
1149 2728 1265 2770 Cum
1288 2722 1358 2769 'ue
1384 2722 1452 2769 ille
1489 2723 1736 2788 responsum
1764 2737 2019 2788 accepturus

561 2788 786 2839 adveiiillet
803 2829 814 2849 ,
848 2793 955 2839 dixit
968 2792 1026 2838 illi
1045 2827 1056 2848 ,
1089 2791 1200 2837 ultra
1216 2789 1280 2836 liae
1301 2795 1424 2835 itatio
1441 2803 1563 2836 tuam
1579 2807 1669 2835 non
1686 2804 1876 2855 occupet
1895 2807 2019 2836 men-

562 2867 651 2900 tem
671 2892 681 2910 ,
726 2864 826 2923 quia
842 2859 956 2905 illius
976 2862 1169 2904 coenobii
1189 2855 1408 2920 spiritualis
1428 2858 1550 2902 Pater
1577 2860 1600 2901 a
1622 2860 1719 2902 Deo
1742 2854 1938 2902 decretus
1965 2855 2020 2902 ad

563 2921 801 2983 regendum
828 2925 949 2971 nullo
979 2923 1120 2970 modo
1149 2921 1416 2969 constitueris
1463 2938 1473 2966 ε
1519 2921 1600 2968 Sed
1618 2927 1661 2967 in
1688 2922 1884 2969 orientali
1902 2935 2019 2986 parte

563 2985 637 3030 ubi
664 2988 840 3051 quidam
883 2992 908 3018 *
953 2990 1111 3037 fluvius
1147 2989 1251 3035 duas
1289 2987 1443 3034 dividit
1476 2993 1672 3052 regiones
1700 3025 1712 3046 ‚
1757 2995 1800 3035 in
1818 2989 2020 3034 futurum

563 3050 804 3117 Episcopali
832 3056 1064 3105 ministerio
1095 3059 1243 3105 DEO
1264 3054 1445 3102 militare
1478 3054 1649 3102 debebis
1678 3091 1690 3113 ,
1736 3059 1844 3105 &in
1863 3051 2022 3099 eodem

1918 3118 2020 3166 loco
