2260 3454
506 239 776 275 AUCTORE
816 243 1065 280 INCERTI
1097 249 1380 288 NOMINIS.
1584 257 1683 304 527

214 312 371 359 liberos
383 307 621 356 mediocres
639 307 710 354 vel
725 306 958 354 nobiliores
978 340 992 359 ,
1028 308 1196 358 summa
1217 313 1438 378 diligentia
1455 325 1620 366 nutrire
1637 324 1684 367 δε

215 378 374 426 docere
383 378 607 441 praecepit,
633 377 677 419 δε
697 372 1004 440 quoscumque
1022 381 1135 422 inter
1155 395 1228 424 eos
1247 379 1418 428 honore
1432 384 1590 449 dignos
1608 404 1681 433 co-

213 448 374 509 gnovit
393 474 404 494 ,
440 438 732 486 ministeriis&
752 446 959 505 congruis
979 440 1196 490 beneficiis
1214 443 1390 492 ditiores
1402 448 1518 496 fecit.
1586 456 1681 501 Lai.

211 515 252 557 ci
261 523 406 555 autern
418 506 498 553 suae
508 505 803 554 dominationi
823 507 998 568 subjecsti
1011 545 1022 564 ‚
1043 508 1207 575 semper
1218 528 1321 557 cum
1334 531 1388 561 eo
1398 522 1522 561 omni
1534 516 1681 565 hono-

210 594 256 622 re
269 575 465 621 &laetitia
475 574 870 621 commorabantur
891 611 903 631 ,
947 575 1115 622 nullam
1124 576 1392 643 deceptionis
1412 580 1613 629 fraudem
1625 585 1679 631 ab

206 642 284 689 illo
302 640 394 687 fieri
415 645 616 687 timentes
636 674 648 692 ‚
697 640 764 687 sed
783 641 963 689 firmiter
972 643 1193 691 credentes
1213 658 1346 712 atque
1355 660 1470 693 certe
1491 648 1680 704 scientes,

206 707 423 776 quidquid
444 711 501 754 eis
519 706 785 772 promiserat,
798 707 885 755 hoc
905 714 1109 756 Domino
1128 726 1346 759 annuente
1367 714 1679 780 compendiose

205 774 459 841 perfecerat.
531 780 598 821 De
616 774 779 821 familia
808 790 955 823 autem
973 781 1011 822 ei
1027 777 1254 825 commissa
1279 785 1552 847 quicumque
1577 796 1678 829 ante

204 859 307 888 cum
318 855 498 888 venerat
517 841 554 888 se
566 840 850 888 exclamando
867 842 1016 902 injuste
1026 842 1105 889 effe
1122 844 1369 909 oppressum
1389 847 1677 913 velexspolia-

207 923 304 955 tum
318 944 329 964 ‚
351 921 425 954 aut
446 907 596 974 aliquo
618 908 758 955 modo
781 914 1032 969 injuriatum
1055 910 1107 956 de
1126 915 1327 959 Domino
1344 919 1614 979 proprio,cui
1631 922 1677 962 in

204 973 467 1021 beneficium
491 974 713 1022 concessus
730 990 818 1022 erat
837 1009 849 1027 ,
881 975 967 1023 five
977 976 1030 1023 de
1050 976 1261 1026 conservo
1273 986 1360 1040 ejus
1379 1016 1392 1036 ,
1437 980 1509 1027 vel
1530 980 1677 1028 dealio

203 1041 353 1108 aliquo
365 1077 376 1097 ,
393 1041 447 1087 ad
458 1046 672 1088 rationem
694 1048 780 1102 ejus
792 1043 915 1089 caute
937 1043 1192 1091 auscultavit
1208 1081 1219 1101 ‚
1249 1049 1293 1092 δε
1308 1046 1381 1092 ubi
1393 1052 1676 1112 cognovitin-

205 1107 309 1170 juste
323 1122 474 1154 contra
487 1126 589 1154 eum
601 1107 771 1154 facium
783 1107 903 1155 fuisse
927 1142 941 1161 ,
977 1109 1159 1156 firmiter
1171 1111 1397 1159 confestim
1407 1119 1676 1180 p1·aecepit,ut

207 1179 410 1241 iniquitas
426 1179 463 1220 ei
473 1175 590 1220 faita
608 1176 698 1220 cito
719 1173 1040 1226 emendaretur,
1061 1180 1106 1241 ὃς
1125 1187 1216 1222 nori
1237 1178 1540 1231 omifit‚donec
1551 1181 1675 1245 perfi-

207 1255 387 1287 ceretur.
433 1243 708 1304 Legitimum
722 1242 827 1286 vero
837 1246 900 1300 jus
912 1245 1047 1287 totius
1059 1241 1231 1288 familiae
1250 1276 1261 1294 ‚
1289 1262 1381 1310 quo
1393 1263 1474 1309 pro
1486 1261 1678 1293 anteces-

209 1306 372 1354 soribus
383 1306 461 1352 suis
471 1306 673 1352 utebatur
689 1339 700 1357 ,
726 1305 909 1352 firmiter
917 1324 1013 1353 eam
1028 1321 1173 1353 tenere
1185 1309 1391 1357 concessit
1411 1344 1424 1362 ‚
1462 1316 1507 1358 ὃς
1518 1312 1677 1360 nullius

207 1371 427 1437 potestatis
447 1371 676 1418 hominem
697 1371 771 1417 sub
792 1371 868 1418 suo
886 1377 1098 1437 regimine
1113 1374 1346 1438 degentem
1366 1376 1453 1424 hoc
1466 1383 1503 1424 ei
1523 1378 1676 1425 tollere

203 1437 417 1504 permislt3
439 1441 484 1484 ὃς
496 1455 585 1484 non
601 1437 675 1484 nifi
688 1438 859 1484 redum
879 1439 1053 1485 censum
1074 1439 1126 1485 de
1139 1441 1344 1488 omnibus
1364 1442 1469 1490 locis
1480 1444 1678 1511 aliquem

202 1505 385 1552 iuorum
404 1503 701 1551 ministrorum
718 1504 771 1550 ab
788 1523 836 1551 ea
845 1510 1017 1569 exigere
1035 1524 1127 1552 non
1141 1507 1362 1555 consensit.
1433 1515 1546 1558 Otio
1559 1517 1675 1557 inani

203 1571 327 1618 nullo
345 1585 542 1636 tempore
562 1576 759 1617 animum
780 1570 905 1618 suum
917 1571 1127 1632 subjacere
1138 1575 1403 1639 patiebatur,
1422 1575 1498 1623 nisi
1511 1576 1674 1644 aliquid

202 1637 395 1685 utilitatis
404 1643 764 1702 excogitaret,-aut
775 1638 1140 1702 perpetraret,s1ve
1151 1639 1203 1686 de
1214 1641 1542 1709 ecclefia,quam
1553 1643 1676 1690 undi-
1736 1682 1741 1687 .

202 1704 290 1771 que
299 1703 500 1769 dilapsam
512 1709 677 1750 invenit
695 1737 708 1755 ,
756 1703 887 1750 velde
900 1711 986 1765 ejus
998 1720 1178 1758 ornatu,
1200 1707 1271 1753 vel
1283 1708 1336 1754 de
1348 1716 1554 1772 paraturis
1571 1711 1675 1758 alta-

201 1779 316 1818 rium
331 1776 375 1817 Sc
386 1771 646 1816 clericorum
663 1803 675 1822 ,
707 1774 751 1816 &
762 1770 815 1816 de
827 1770 1043 1834 disciplina
1055 1778 1369 1820 canonicorum
1383 1779 1428 1821 ὃς
1439 1775 1492 1821 de
1501 1775 1648 1823 schola
1658 1811 1674 1830 ‚

202 1842 247 1883 δε
259 1836 312 1883 de
329 1836 630 1885 sustentatione
643 1841 687 1882 δε
706 1836 936 1884 salvatione
946 1837 1119 1884 familia:
1136 1875 1149 1895 ,
1185 1843 1229 1885 δε
1242 1840 1426 1907 qualiter
1437 1847 1675 1896 civitatem,

203 1922 337 1971 quam
349 1910 501 1968 ineptis
519 1902 730 1949 valliculis
751 1903 930 1968 &lignis
947 1904 1126 1969 putridis
1145 1908 1463 1955 circumdatam
1482 1914 1672 1966 invenit,

203 1976 338 2017 muris
350 1976 521 2034 cingere
530 1968 722 2016 valuisset
738 2003 752 2021 ‚
790 1976 891 2036 quia
901 1976 943 2017 in
956 1971 1020 2018 his
1032 1973 1304 2037 temporibus
1315 1979 1596 2040 Ungarorum
1605 1976 1673 2023 sae-

204 2035 453 2085 vitiainistis
474 2041 707 2102 provinciis
724 2054 850 2082 more
871 2036 1194 2085 daemoniorum
1213 2040 1490 2104 grassabatur.
1560 2047 1670 2090 Haec

199 2106 309 2151 vero
320 2107 470 2150 omnia
482 2120 585 2149 cum
604 2107 789 2148 exterius
809 2101 986 2149 suorum
1005 2103 1201 2152 fidelium
1220 2106 1419 2155 consultu
1437 2110 1670 2173 pertradia-

200 2184 290 2226 ret,
309 2169 408 2217 aestu
418 2174 754 2216 tameninterius
772 2169 905 2217 divini
917 2177 1075 2217 amoris
1087 2170 1327 2230 succensus,
1353 2174 1510 2239 vigiliis
1525 2179 1672 2222 &ora-

202 2236 393 2283 tionibus
412 2239 456 2282 &
470 2240 632 2297 jejuniis
652 2239 696 2281 δε
714 2235 994 2300 eleemosynis
1016 2241 1115 2283 Deo
1135 2238 1173 2285 se
1193 2240 1351 2287 sociare
1371 2240 1668 2288 studiofiffime

202 2302 447 2358 festinabat,
474 2301 638 2368 semper
649 2308 736 2348 cuti
749 2301 1010 2349 suaelaneum
1023 2321 1245 2369 apponens
1255 2305 1562 2354 vestimentum
1580 2344 1592 2363 ,
1620 2312 1667 2353 δε

202 2369 401 2434 regulam
434 2370 609 2435 sequens
638 2368 979 2415 monachorum.
1046 2370 1146 2417 Post
1179 2372 1522 2437 completorium
1553 2391 1666 2420 nun-

202 2453 338 2502 quam
350 2431 526 2500 propter
538 2436 663 2482 ullius
675 2434 865 2483 hominis
877 2432 1133 2501 petitionem
1145 2437 1284 2485 escam
1291 2440 1360 2485 vel
1374 2454 1534 2504 potum
1555 2476 1566 2496 ,
1595 2439 1664 2486 de·-

201 2502 629 2565 lediationicorporis
640 2501 718 2548 suae
741 2501 1006 2549 consentiens
1017 2502 1204 2568 sumpfit.
1238 2507 1285 2550 In
1297 2506 1483 2552 mollitia
1500 2506 1665 2569 pluma-

202 2574 247 2615 tii
261 2586 350 2615 non
360 2567 659 2620 dormivit,sed
677 2568 701 2596 *
723 2567 906 2633 psiathio
920 2573 962 2615 δε
978 2569 1080 2633 sago
1093 2584 1168 2616 aut
1177 2576 1343 2634 tapetiis
1361 2571 1585 2636 suppositis
1597 2591 1661 2619 re-
1682 2565 1839 2611 *μάθ’

1703 2626 1764 2644 orca
1776 2625 1849 2656 leges,

200 2639 379 2702 quievit.
446 2637 492 2680 In
504 2635 636 2681 ner
647 2640 840 2700 primum
850 2631 1029 2683 sonante
1036 2636 1158 2701 ligno
1170 2635 1346 2684 surrexit
1355 2674 1365 2694 ‚
1380 2641 1425 2683 δε
1436 2637 1662 2703 Ρῑκάὶᾶὶοε
1680 2657 1848 2697 umuspfia-

201 2700 344 2748 cursus
353 2707 542 2749 maxima
552 2701 718 2749 cautela
728 2703 981 2767 complevit.
1677 2695 1850 2772 lahgjffiarff‘
2234 2695 2258 2751 33«

736 2772 775 2814 C
795 2788 823 2815 A
847 2787 869 2815 P
891 2787 921 2816 u
941 2787 967 2815 T
1035 2773 1118 2816 IV.
1677 2775 1811 2843 Zegfstsi‘
2233 2768 2260 2898 g

200 2832 440 2902 Qualiter
451 2835 813 2908 quadrngstmae
825 2851 1012 2909 tempm
1023 2835 1273 2889 celebraret
1283 2875 1298 2894 ,
1312 2838 1377 2895 &³
1389 2853 1574 2913 tempus
1584 2840 1658 2892 in·
1704 2826 1721 2843 ‘⁸
1732 2825 1757 2854 ε’
1775 2826 1834 2855 '³¹'
2236 2845 2243 2878 i

278 2911 661 2975 dzzlgentiae‚die771d
676 2915 800 2960 Coenae
811 2915 990 2961 Domini
1001 2949 1012 2966 ,
1030 2913 1084 2963 ἐῢ*
1095 2913 1242 2961 deinde
1253 2912 1377 2979 usque
1388 2915 1573 2984 adfinem
2237 2942 2241 2971 ι

668 2975 669 2978 '
691 2976 895 3043 Paschalia
906 2979 1177 3027 hebdomadae.
2231 2960 2260 3043 list

199 3047 463 3158 TEmpus
482 3045 588 3090 vero
614 3047 949 3111 quadragesimae
974 3045 1142 3113 quanta}
1152 3046 1388 3094 devotione
1412 3048 1655 3105 celebraret,

218 3156 222 3157 ⁷
295 3111 434 3158 sermo
446 3110 553 3157 mihi
561 3129 652 3158 non
664 3111 816 3159 sufficit
827 3108 1066 3160 affnarrand
1074 3130 1168 3165 um,
1188 3113 1254 3160 sed
1265 3128 1408 3161 tamen
1418 3132 1582 3183 ea‚quae
1593 3120 1657 3160 vi-

194 3177 445 3235 dimus,non
456 3177 713 3226 decetnobis
725 3185 766 3226 in
778 3194 926 3227 totum
944 3185 1159 3227 omittere.
1228 3185 1453 3229 Matutinis
1463 3181 1655 3247 namque

1522 3246 1656 3295 laudi-
1736 3217 1748 3244 s
2236 3220 2254 3454 Ἰ
