2260 3454
415 1034 582 1062 *Vindomm

411 1074 540 1111 apellassit

411 1118 581 1147 fortunatus,

410 1153 582 1184 aurdaml'ir-

409 1187 494 1227 ἆίηέ,
509 1192 580 1231 Sulgd

408 1234 534 1267 werten,

614 183 708 228 552
1075 175 1219 211 VITA
1253 175 1292 209 S.
1328 173 1620 211 [IDALRICI

611 253 769 313 gratias
779 245 969 291 dicentes
980 243 1133 290 hilares
1143 241 1288 289 effeeti
1301 240 1410 287 sunt.
1458 240 1707 305 Vespertina
1727 253 1876 288 autem
1894 239 2006 286 hora
2016 240 2088 287 ad-

611 318 817 359 veniente
831 348 842 368 ,
863 314 908 357 &
920 310 1046 376 figno
1056 307 1323 375 vespertinali
1336 313 1379 354 in
1389 312 1538 373 primis
1551 306 1743 357 sonante,
1756 304 1897 352 statim
1909 304 2088 355 surrexit

611 384 657 426 8<
667 379 718 427 ad
733 377 953 426 ecclesiam
965 376 1209 424 ambulavit
1219 412 1230 432 ,
1249 380 1292 421 ὃς
1307 374 1363 421 ibi
1374 379 1416 420 in
1427 377 1510 421 Dei
1522 372 1719 420 laudibus
1731 371 1985 437 infatigatus
2025 390 2085 420 er-

610 445 766 493 manfit
782 480 794 498 ‚
829 444 971 492 donec
991 442 1280 508 vespertinalis
1300 441 1391 486 laus
1406 442 1430 486 a
1441 439 1644 486 fratribus
1662 438 1900 487 secundum
1912 390 2086 487 cursum

609 511 937 559 monachorum
947 510 1115 576 prolixe
1126 506 1489 573 perficiebatur,&
1500 506 1644 571 postea
1657 505 1709 553 de
1719 504 1787 552 die
1796 511 1837 552 in
1851 505 1968 553 diem
1980 523 2085 553 con-

606 579 812 630 fortatus,
825 596 878 624 ex
890 583 1064 641 integro
1076 573 1255 640 pristinae
1268 573 1431 620 sanitati
1441 575 1530 620 cito
1544 571 1760 620 restitutus
1772 571 1841 618 est.
1890 577 1935 620 O
1948 590 2085 640 quam

609 663 770 710 magna
782 643 1022 690 multitudo
1034 639 1270 688 dulcedinis
1283 645 1367 687 Dei
1376 673 1389 692 ‚
1403 645 1480 707 qui
1491 639 1550 686 illi
1561 640 1649 686 hoc
1660 653 1779 686 tanta
1790 638 2023 686 velocitate
2031 639 2086 686 ad

610 710 853 758 remedium
864 706 1209 773 conceffit,quod
1222 707 1292 754 ille
1301 707 1389 753 aliis
1400 705 1453 753 ad
1464 705 1724 753 medicinam
1739 709 1784 753 &
1796 705 1849 751 ad
1862 704 2086 770 indulgen-

608 784 713 824 tiam
728 790 1007 842 peccatorum
1020 779 1274 840 praeparavit
1286 809 1304 834 Α,
1341 787 1390 820 ut
1401 791 1504 820 cum
1515 780 1602 835 ejus
1614 772 1698 820 fide
1716 771 1908 840 perfeffla
1923 778 2083 820 caeteris

607 844 802 909 plurimis
813 842 916 890 fides
926 841 1270 888 confirmaretur.

1103 949 1143 993 C
1163 964 1193 994 Λ
1214 963 1236 992 Ρ
1256 965 1284 993 u
1306 965 1332 993 T
1401 949 1549 993 XVII.

713 1032 1108 1107 Qalitersnper
1126 1030 1156 1063 '¹‘
1175 1032 1419 1086 Vindicem
1442 1034 1508 1090 Εἴ
1526 1034 1578 1084 in
1602 1031 1835 1089 Danubio
1854 1031 1965 1087 libe-

1238 1121 1361 1157 ratua’
1372 1107 1440 1175 est.

601 1197 866 1315 TRadere
879 1196 983 1244 huic
996 1213 1179 1263 quoque
1199 1213 1272 1242 me
1285 1196 1413 1243 aliam
1432 1200 1644 1244 rationem
1657 1201 1701 1242 in
1719 1196 1809 1244 hoc
1829 1196 1933 1245 loco
1942 1213 2076 1262 opor-

702 1280 786 1321 tet,
796 1282 928 1332 quam
942 1267 1188 1327 HereWigo
1201 1263 1438 1327 Capellano
1449 1269 1538 1323 ejus
1551 1262 1720 1310 dicente
1729 1268 1938 1330 comperi,
1959 1267 2077 1326 Qua-

598 1335 701 1381 dam
712 1332 780 1379 die
790 1349 893 1378 cum
906 1348 986 1396 pro
1000 1330 1143 1396 aliqua
1156 1330 1348 1376 utilitatis
1360 1329 1496 1376 cauffa
1508 1329 1630 1395 super
1640 1328 1828 1377 fluvium
1839 1329 2073 1378 Vindicem

600 1405 881 1448 nominatum
890 1396 1142 1444 caballicare
1154 1395 1360 1442 debuisset
1369 1432 1380 1452 ,
1401 1396 1536 1462 &ipse
1547 1397 1599 1443 ab
1611 1396 1758 1444 illuvie
1769 1397 1959 1444 elevatus
1969 1397 2075 1453 fuis,-

600 1467 674 1519 set,
689 1471 733 1513 ὅ(
747 1470 931 1511 comites
944 1462 1143 1528 Episcopi
1154 1461 1337 1508 univerfi
1348 1461 1513 1509 vadum
1525 1463 1790 1510 reolitudinis
1803 1463 2069 1516 devitarent,

602 1538 647 1580 δε
659 1533 739 1580 alia
750 1530 856 1593 vada
867 1535 1036 1595 aptiora
1047 1532 1347 1596 quaererent,&
1359 1527 1471 1575 idem
1485 1529 1569 1594 ipse
1582 1535 1919 1593 praenominatus
1932 1533 2073 1577 Here-

595 1606 743 1664 Wigus
754 1597 865 1644 solus
875 1614 980 1643 cum
991 1614 1045 1642 eo
1057 1594 1395 1660 remaneretipse
1407 1595 1585 1648 vadum,
1599 1595 1720 1662 quod
1733 1597 1801 1643 alii
1811 1595 2065 1649 omiserunt,

597 1666 682 1713 fine
693 1663 978 1730 trepidatione
989 1660 1245 1709 transcendit
1274 1694 1287 1713 ,
1336 1661 1467 1708 soccis
1480 1660 1532 1707 de
1541 1660 1576 1708 sa
1580 1679 1641 1726 go
1654 1661 1777 1708 faeiis
1787 1662 1964 1710 indutus
1973 1680 2070 1729 pro-

596 1748 691 1800 pter
701 1733 842 1795 frigus
853 1766 864 1785 ,
883 1734 985 1797 quia
997 1727 1152 1792 hyems
1162 1742 1263 1774 erat.
1309 1726 1514 1774 Praefatus
1527 1730 1632 1775 vero
1643 1731 1911 1794 Herewigus
1923 1728 2068 1777 flumi-

594 1817 650 1846 ne
659 1795 929 1862 transgreffo,
949 1813 1001 1841 ex
1012 1794 1191 1860 cingulo
1200 1793 1402 1841 deorsum
1414 1830 1425 1851 ,
1445 1801 1647 1861 quamvis
1661 1794 1781 1859 super
1790 1796 1989 1844 altiorem
1999 1815 2068 1844 ca-

593 1865 759 1913 ballum
773 1862 933 1910 lederet
943 1880 1077 1928 quam
1089 1860 1339 1926 Episcopus,
1351 1860 1461 1908 udus
1473 1860 1653 1908 effedius
1664 1861 1735 1917 est,
1749 1866 1791 1909 &
1804 1862 2065 1928 prospiciens

593 1937 638 1979 in
651 1931 906 1978 vestimenta
918 1927 1132 1994 Episcopi,
1143 1927 1173 1974 sl
1184 1926 1635 1994 aquainfunderentur
1663 1962 1676 1981 ,
1712 1928 1778 1975 sed
1790 1936 1919 1976 necin
1932 1930 2066 1976 soccis

592 2016 733 2047 unum
747 1997 884 2062 pilum
896 1994 1132 2043 humidum
1153 1994 1376 2059 conspexit
1389 2028 1402 2047 ‚
1436 1994 1541 2041 &ad
1554 1994 1819 2061 Episcopum
1829 1995 1936 2043 dixit
1948 2032 1960 2053 ,
1974 2013 2062 2061 ego

593 2065 760 2112 uditate
771 2062 963 2129 perfusus
977 2061 1135 2113 sum,&
1145 2076 1228 2108 tuae
1239 2059 1473 2108 celsitudini
1483 2060 1594 2126 pilus
1606 2067 1649 2108 in
1661 2060 1792 2109 soccis
1800 2080 1891 2108 non
1902 2061 1959 2110 est
1969 2080 2062 2109 ma-

591 2131 788 2179 defaffitus
808 2148 819 2176 :
838 2133 923 2175 Cui
935 2127 1041 2175 dixit
1054 2126 1292 2193 Episcopus
1302 2163 1314 2185 ‚
1335 2126 1442 2184 haee,
1454 2146 1550 2192 quae
1564 2127 1790 2179 vidisti‚me
1802 2134 1976 2175 vivente
1986 2147 2060 2175 ne-

590 2204 699 2245 mini
710 2197 850 2244 dicere
859 2195 1099 2261 praelumas.
1145 2194 1247 2241 Alio
1259 2197 1364 2241 vero
1376 2208 1589 2259 ternpore,
1600 2212 1705 2240 cum
1717 2193 1770 2240 ad
1780 2194 1898 2240 collo
1934 2201 2060 2242 uium

591 2269 777 2313 Ottonis
798 2266 1071 2327 Imperatoris
1089 2261 1142 2307 ad
1161 2261 1440 2326 Ratisponam
1469 2265 1692 2306 civitatem
1714 2213 1963 2325 navigando
1983 2278 2059 2326 per

590 2330 849 2379 Danubium
860 2333 1006 2375 venire
1019 2327 1280 2384 decrevisset,
1292 2325 1488 2394 quodam
1500 2326 1568 2372 die
1579 2331 1717 2373 nautis
1729 2328 1899 2374 incaute
1908 2341 2006 2374 ante
2018 2327 2057 2374 se

585 2395 962 2462 conspicientibus,
973 2399 1093 2441 navis
1104 2394 1275 2441 cuidam
1287 2393 1409 2458 ligno
1420 2393 1672 2457 importune
1684 2393 2055 2461 conjunffla‚aquis

590 2464 751 2530 repleta
762 2461 1039 2510 immersione
1047 2460 1251 2508 omnibus
1262 2457 1515 2506 minabatur.
1532 2459 1772 2506 Perturbati
1783 2461 1889 2506 vero
1902 2476 2056 2506 omnes

593 2535 636 2577 8<
649 2536 809 2577 timore
819 2526 1068 2594 perculfi‚ad
1079 2526 1198 2573 littus
1212 2543 1378 2590 magno
1388 2523 1528 2572 studio
1540 2543 1696 2572 navem
1709 2525 1942 2591 perducere
1952 2525 2057 2586 festi-

591 2611 749 2644 narunt
765 2615 774 2643 ε
797 2600 911 2643 Navi
922 2596 1030 2642 vero
1041 2592 1164 2639 aridae
1175 2592 1360 2639 adducta
1372 2627 1384 2648 ‚
1439 2610 1501 2638 uae
1512 2597 1622 2638 intra
1632 2604 1750 2638 erant
1760 2592 1813 2639 ad
1824 2592 1941 2640 littus
1954 2610 2054 2658 por-

592 2677 791 2709 taverunt
801 2699 813 2719 ,
832 2662 941 2708 illius
953 2661 1060 2707 vero
1069 2658 1326 2723 Episcopi,in
1340 2610 1561 2721 poslieriori
1575 2657 1712 2704 rostro
1725 2664 1844 2705 navis
1860 2657 2052 2715 sedentis,

593 2729 715 2776 obliti
727 2729 832 2776 sunt.
877 2733 1001 2775 Unus
1012 2726 1117 2772 vero
1130 2725 1386 2771 clericorum
1398 2722 1504 2770 Mefi
1517 2730 1780 2772 nominatus,
1794 2742 1960 2790 magno
1970 2724 2050 2772 stu-

593 2811 697 2857 pore
705 2801 914 2842 attonitus
926 2794 1035 2840 dixit
1052 2811 1062 2838 :
1082 2795 1186 2838 Heu
1208 2791 1331 2837 nobis
1349 2790 1508 2836 miseris
1519 2823 1531 2841 ‚
1584 2796 1653 2836 uia
1671 2789 1986 2838 seniorinostro
2004 2797 2048 2837 in

590 2859 667 2905 isto
680 2862 870 2923 periculo
880 2860 1096 2920 adjutores
1106 2875 1195 2903 non
1208 2856 1372 2904 fuimus
1384 2892 1396 2912 ‚
1417 2860 1461 2902 δε
1472 2855 1536 2902 his
1547 2809 1669 2903 diens
1683 2875 1854 2903 currens
1865 2875 1938 2923 per
1949 2875 2050 2922 pro—

593 2923 852 2973 funditatem
861 2945 996 2994 aquae,
1008 2943 1104 2992 quae
1113 2930 1155 2970 in
1165 2929 1264 2970 navi
1276 2922 1411 2970 fuerat
1423 2937 1702 2986 congregata,
1717 2923 1935 2988 assumptis
1955 2924 2047 2970 bra-

595 2989 701 3036 chiis
713 2993 908 3057 Episcopi
918 2994 1037 3058 super
1049 2991 1254 3037 humeros
1266 2996 1352 3052 ejus
1384 3025 1396 3046 ‚
1441 2994 1586 3036 evexit
1595 3008 1698 3036 eum
1709 3004 1826 3037 extra
1837 3008 2044 3041 navem-2,

594 3056 798 3102 omnibus
810 3063 952 3124 itaque
962 3056 1162 3123 expofitis
1172 3057 1298 3104 &illo
1308 3055 1535 3103 novissime
1547 3056 1844 3121 egresso,navis
1856 3061 1897 3102 in
1910 3054 2045 3121 poste-

594 3127 693 3169 riori
702 3136 822 3186 parte
831 3124 1113 3185 profunditati
1123 3122 1310 3171 demersa
1318 3121 1387 3170 est.
1422 3121 1542 3185 Qid
1553 3128 1714 3169 mirum
1727 3121 1755 3169 si
1766 3127 1883 3169 navis
1893 3120 2044 3167 onusta

1986 3204 2041 3233 eo
