2260 3454
321 1712 423 1740 ³*Plura
431 1711 497 1752 huj9

446 1763 479 1779 a·-

322 1793 408 1822 tmtla
423 1795 453 1819 in

332 1834 472 1859 antimum

339 1922 376 1945 la,
387 1911 460 1939 tllud

314 1833 372 2029 ἑξῆς

425 1952 436 1977 κ
416 1882 436 1898 ἓ

445 1882 458 1898 Q

538 165 632 215 626
712 170 1010 211 INVENTIO
1038 169 1099 204 ET
1128 165 1516 203 TRANSLATJO
1538 166 1577 200 s.
1600 164 1906 212 mmmmm,

533 247 796 312 peregrinari
817 239 1069 288 volentibus
1089 251 1290 285 tutamen
1307 241 1535 302 utriusque
1552 233 1748 282 hominis
1776 234 2019 286 collatum,

479 311 484 317 ’
532 311 760 358 multoties
772 303 1138 373 compertumest.

649 387 878 435 Postremo
893 385 1109 434 &miseris
1121 383 1387 432 mulierculis
1398 396 1524 446 partu
1544 381 1842 432 laborantibus
1877 419 1892 438 ,
1949 404 2017 434 re-

528 453 729 503 medium
758 454 958 502 simitum
988 452 1186 500 conferre
1210 448 1432 513 praesulem
1462 449 1744 514 exploratum
1772 450 1831 499 est
1852 450 2017 519 saepiffi-

528 525 615 570 me.
684 521 863 569 Eaedem
875 537 1069 586 namque
1088 515 1291 564 lethifere
1306 514 1516 580 pariendo
1537 515 1810 570 deficientes,
1828 537 1879 566 ac
1889 525 2017 567 omni

526 589 728 637 humano
737 588 947 635 destitutas
959 585 1121 633 auxilio
1141 619 1153 640 ‚
1188 600 1301 629 mox
1310 596 1360 630 ut
1370 581 1579 648 praedicsto
1598 601 1652 630 ex
1664 583 1795 632 calice
1805 584 2017 639 biberint,

525 655 597 703 seu
607 661 763 704 vinum
774 655 891 702 calici
902 649 1220 718 priusinfusum
1232 654 1478 715 acceperint
1510 687 1522 707 ‚
1569 650 1757 716 benigne
1768 655 2017 718 tantisape-

526 722 924 770 riculisliberantur.
991 722 1258 785 Atquecum
1268 720 1406 767 varias
1423 731 1607 783 propter
1623 717 1766 765 causas
1783 718 2027 774 secundina,

524 788 722 854 pellicula
749 805 840 834 non
868 783 1072 832 exeundo
1101 788 1387 849 parturientes
1420 784 1513 830 dire
1547 783 1814 850 suppresserit
1833 820 1847 838 ,
1882 790 1927 833 δε
1958 785 2013 833 ad

524 854 729 902 mortales
757 850 1106 916 coangustaverit
1127 850 1345 898 molestias
1379 884 1393 903 ,
1441 849 1600 897 eodem
1633 865 1745 914 potu
1774 852 2012 901 misericor-

520 921 633 969 diter
645 934 862 975 curantur,
875 922 921 964 &
931 922 1060 965 omni
1070 916 1365 965 incolumitati
1374 917 1492 963 illico
1503 906 1798 965 restituuntur.

632 1010 899 1058 Concessum
910 1009 969 1058 est
986 1009 1178 1077 denique
1199 1009 1304 1057 huic
1323 1009 1474 1057 saneto
1492 1009 1754 1058 Pontifici&
1772 1011 1852 1059 alia
1871 1028 2010 1079 quam

519 1084 714 1126 maxima
730 1080 753 1124 a
775 1082 877 1125 Deo
904 1083 1197 1144 praerogativa
1231 1113 1244 1133 ,
1290 1089 1447 1124 contra
1473 1076 1710 1125 offenfivos
1744 1078 1927 1143 glirium
1944 1084 2010 1126 in-

518 1146 676 1193 cursus.
753 1148 801 1192 In
813 1159 914 1193 toto
931 1162 1127 1212 namque
1144 1149 1382 1202 territorio,
1396 1143 1522 1211 quod
1530 1149 1641 1191 inter
1652 1146 1846 1192 vindam
1865 1148 1911 1194 &
1922 1148 2012 1208 Ly·

517 1231 625 1260 cum
639 1211 798 1259 fluvios
808 1210 938 1259 situm
950 1209 1010 1259 est
1021 1247 1034 1268 ‚
1054 1211 1227 1259 nullum
1240 1228 1442 1279 unquam
1451 1216 1608 1258 vivum
1630 1228 1882 1276 permanere
1892 1212 2010 1278 poffe

517 1277 1212 1345 manifestiffimecomprobatum
1224 1276 1282 1325 est
1316 1314 1328 1335 ‚
1374 1276 1500 1346 quod
1515 1283 1680 1325 meritis
1701 1278 1881 1344 gloriosi
1892 1282 2008 1326 Pon-

518 1344 644 1392 tificis
660 1351 946 1411 impetratum
969 1345 1051 1392 else
1076 1345 1184 1392 nulli
1208 1344 1259 1392 fit
1279 1343 1479 1392 dubium.
1549 1348 1706 1411 Saepius
1727 1351 1844 1392 enirn
1863 1348 2010 1393 anon·

517 1412 646 1459 nullis
660 1411 837 1459 curiofis
857 1449 870 1469 ,
915 1413 1046 1460 sanffi
1058 1418 1208 1479 potius
1227 1411 1517 1459 tentatoribus
1536 1448 1548 1469 ‚
1580 1417 1844 1476 experientia
1854 1417 2007 1460 inven-

519 1493 619 1525 tum
631 1477 704 1534 est,
717 1492 767 1525 ut
778 1497 915 1546 quam
927 1484 1017 1526 cito
1028 1479 1140 1526 ultra
1150 1476 1352 1544 praefatos
1363 1477 1583 1543 deportati
1594 1478 1717 1525 fuere
1727 1478 1886 1529 fluvios
1895 1516 1908 1537 ,
1925 1479 2008 1526 illi-

517 1563 574 1592 co
587 1545 986 1602 fuislemortuos‚&
998 1545 1142 1593 hocin
1158 1559 1260 1592 toto
1271 1549 1505 1593 communi
1516 1550 1749 1592 territorio.

639 1637 711 1685 Est
724 1640 831 1686 vero
846 1642 890 1685 δε
901 1638 983 1684 alia
1001 1636 1120 1703 quasi
1138 1633 1397 1684 miraculosa
1408 1650 1562 1684 contra
1585 1637 1815 1702 praedid‘tos
1827 1639 2008 1688 subven-

521 1709 584 1752 tio
594 1704 722 1769 glires
743 1740 755 1760 ‚
789 1710 831 1751 in
851 1718 953 1750 toto
976 1721 1097 1769 paene
1116 1702 1224 1749 orbe
1243 1702 1538 1767 promulgata.
1585 1706 1611 1732 *
1656 1708 1792 1753 Terra
1810 1724 2007 1774 namque

522 1770 544 1834 (
553 1790 649 1838 quae
669 1769 800 1817 sancffi
819 1770 1006 1817 Uclalrici
1025 1770 1109 1817 dici
1129 1768 1390 1833 consuevit)
1420 1774 1464 1815 in
1478 1788 1566 1837 qua
1585 1770 1782 1818 samstum
1804 1779 1892 1832 ejus
1911 1791 2003 1820 cor-

478 1887 490 1895 ,
519 1856 598 1904 pus
627 1837 919 1885 mediantibus
947 1836 1071 1884 sacris
1098 1834 1285 1884 vestibus
1313 1836 1452 1903 (quae
1479 1852 1636 1883 omnes
1664 1838 2002 1905 inconsumptae,

516 1903 732 1970 omnique
740 1903 825 1951 fine
836 1903 1006 1951 laefione
1017 1920 1121 1951 cum
1135 1921 1189 1950 eo
1206 1908 1394 1951 inventae
1408 1903 1617 1960 fuerunt>
1636 1903 1873 1953 humatum
1892 1905 2002 1964 fuit,

445 1994 481 2018 ze.
517 1970 626 2018 ficui
658 1970 853 2018 fidelium
881 1971 1043 2018 donata
1077 2003 1091 2024 ,
1137 1970 1191 2017 ab
1218 1969 1364 2036 eoque
1391 1968 1552 2034 digne,
1582 1984 1632 2017 ut
1648 1969 1999 2020 sanciorumDei

361 2002 371 2017 (ἱ

367 1952 404 2057 ’5-κέ’*
374 1881 404 1898 ξ

400 1956 446 2068 ᾟΞνι
404 1882 413 1897 »-

438 1962 465 1978 ’.Ἰ

320 2041 349 2058 re
432 2042 474 2058 ro-

315 2070 411 2109 pheca,
419 2070 458 2098 ad

320 2112 393 2149 cujus
408 2111 495 2148 sepul-

320 2151 414 2178 chrum
422 2151 469 2187 fid
482 2168 492 2174 -

319 2191 371 2227 les(
375 2198 404 2218 ut
415 2192 495 2228 refert

319 2231 496 2268 &Epiphani-

353 2272 477 2309 fflppli-

354 2321 380 2337 γε
389 2321 434 2338 con
449 2322 491 2339 ue-

324 2351 497 2391 Sert'e‘nindeq}

316 2389 427 2427 fiempto
435 2394 498 2426 put-

321 2430 481 2469 Gereaspidii

321 2480 379 2497 mor
389 2473 441 2498 rbus

322 2510 470 2540 medentur.

325 2550 370 2575 Sic
384 2549 417 2585 est
429 2554 459 2577 in

323 2597 440 2626 martyro
453 2610 460 2619 .

517 2038 717 2105 reliquias
746 2036 872 2085 decet
897 2074 909 2095 ‚
951 2051 1153 2085 venerata
1182 2037 1316 2084 fuerit
1333 2073 1347 2094 ‚
1388 2053 1498 2083 mox
1518 2054 1672 2085 omnes
1690 2056 1740 2086 ac
1760 2037 1788 2085 fi
1806 2039 1999 2106 pestem-2

517 2104 736 2169 fugientes
766 2104 1088 2152 habitationem
1125 2105 1379 2169 relinquunt
1411 2139 1425 2161 ,
1472 2107 1518 2151 8<
1544 2103 1685 2151 eidem
1714 2123 1999 2175 nequaquam

518 2170 716 2237 deinceps
742 2178 1092 2240 appropinquare
1118 2170 1293 2219 audent.
1362 2173 1472 2219 Haec
1496 2176 1625 2218 toties
1663 2172 1829 2240 ubique
1864 2187 1996 2222 terra-

517 2256 618 2285 rum
627 2257 729 2286 vera
745 2238 825 2285 esse
844 2244 1020 2286 inventa
1037 2239 1135 2286 sunt
1168 2272 1181 2292 ‚
1228 2252 1279 2285 ut
1287 2255 1525 2286 numerum
1536 2238 1741 2286 excedere
1751 2239 1996 2288 videantur.

519 2308 855 2373 Nonnunquam
865 2311 997 2353 etiam
1008 2306 1257 2372 complures
1277 2309 1472 2371 proprias
1491 2303 1736 2373 relinquere
1756 2305 1996 2355 voluerunt

519 2370 808 2420 habitationes
831 2409 842 2430 ‚
878 2374 947 2420 seu
960 2378 1051 2439 igni
1064 2390 1257 2420 cremare
1273 2408 1286 2430 ,
1321 2386 1500 2438 propter
1511 2379 1753 2420 maximam
1766 2373 1997 2439 praedicsto-

519 2457 618 2486 rum
632 2438 950 2487 infestationem
962 2439 1217 2488 animalium
1237 2476 1249 2497 ‚
1283 2443 1359 2507 qui
1371 2443 1684 2504 praenominata
1693 2439 1901 2508 acquisita
1914 2455 1996 2488 ter·

518 2505 739 2558 ra,devote
750 2525 847 2554 eam
859 2521 1113 2555 venerantes
1128 2541 1142 2561 ,
1172 2506 1384 2554 auxilium
1396 2510 1478 2554 Dei
1488 2511 1808 2572 omnipotentis
1817 2525 1892 2573 per
1901 2526 1993 2554 me-

517 2578 648 2620 ritum
661 2572 719 2621 sui
738 2573 989 2622 confessoris
1010 2579 1296 2640 impetratum
1313 2571 1470 2620 sensere
1501 2610 1514 2630 ,
1559 2573 1669 2621 adeo
1681 2588 1731 2621 ut
1746 2592 1906 2622 eorum
1917 2575 1991 2622 de-

516 2643 657 2705 inceps
667 2640 809 2688 nullus
818 2646 1125 2707 approximare
1144 2641 1300 2689 audere
1310 2639 1422 2689 visus
1438 2639 1490 2687 sit
1500 2640 1719 2688 domibus.
1786 2645 1883 2689 Nec
1895 2657 1989 2689 non

515 2704 748 2771 aliquando
769 2722 887 2756 tanta
905 2727 1063 2757 eorum
1080 2706 1322 2756 multitudo
1341 2722 1520 2755 mortua
1542 2706 1600 2755 est
1611 2713 1787 2755 inventa
1821 2742 1835 2761 ,
1882 2722 1932 2756 ut
1944 2723 1990 2756 te

515 2770 723 2821 lecstorem
743 2811 754 2831 ‚
789 2774 818 2822 fi
832 2781 874 2822 in
888 2774 977 2823 hoc
987 2781 1216 2824 veritatem
1226 2772 1423 2841 proferre
1440 2791 1619 2821 conarer
1633 2808 1647 2828 ,
1682 2774 1989 2824 incredulum-2

516 2836 688 2884 reddere
707 2844 921 2890 timerem.
989 2841 1062 2890 Ad
1082 2841 1193 2889 hanc
1211 2843 1318 2887 vero
1338 2840 1656 2906 impetrandam
1684 2848 1871 2907 gratiam
1898 2842 1991 2908 plu-

517 2907 677 2950 rimum
689 2908 873 2969 profecit
892 2946 904 2967 ,
938 2928 1045 2957 cum
1057 2915 1153 2978 quis
1165 2907 1204 2955 se
1214 2908 1355 2955 solum
1378 2911 1599 2973 pervitam
1620 2907 1738 2956 suam
1751 2909 1891 2957 annali
1903 2908 1984 2956 ob-

517 2969 670 3032 ligavit
692 2974 816 3020 censu
852 3010 863 3027 ,
910 2996 959 3024 ac
970 2975 1264 3040 eleemosynas
1283 2975 1451 3043 aliaque
1468 2980 1536 3040 pia
1546 2980 1731 3042 operain
1750 2975 1984 3023 laudem&

517 3033 737 3083 honorem
756 3038 886 3088 sanffl
903 3043 1125 3092 Pontificis
1144 3042 1201 3091 est
1223 3042 1413 3108 largitus.
1482 3045 1578 3090 Nec
1600 3057 1745 3090 tamen
1765 3042 1986 3110 aliquem2

517 3117 712 3157 moveat,
733 3103 863 3154 finon
881 3109 1064 3177 semper,
1084 3129 1166 3161 nec
1183 3111 1389 3160 omnibus
1408 3108 1589 3158 eandem
1607 3110 1814 3175 largiatur
1838 3113 1986 3155 omni-

1828 3189 1986 3241 potens
