2260 3454
512 247 610 301 528
974 244 1118 280 VITA
1152 245 1190 278 S.
1227 244 1521 280 {mamzer

511 320 707 369 laudibus
718 313 898 380 expletis
921 347 934 369 ,
963 327 1121 358 aurora
1130 310 1214 358 diei
1231 317 1373 376 prima
1389 310 1658 357 illucescente
1679 310 1766 356 aliis
1778 314 1989 356 orationi-

510 389 590 436 bus
601 383 781 450 expletis
801 378 974 447 psallere
992 377 1238 444 psalterium
1261 382 1399 442 coepit
1419 413 1431 434 ‚
1477 394 1571 444 quo
1581 376 1758 442 expleto
1778 375 1991 422 &letania

509 453 698 519 expleta,
713 450 801 497 aliis
815 446 1086 495 orationibus
1099 442 1524 497 firmiterinfistebat,
1548 444 1683 511 usque
1693 443 1803 489 dum
1812 441 1839 489 fi
1844 460 1988 507 gnum

509 521 564 569 ad
585 518 753 582 vigilias
773 514 1091 563 defundiorum
1112 511 1280 558 sonaret
1298 543 1310 562 ‚
1347 528 1441 577 quo
1461 510 1612 558 audito
1624 509 1764 557 statim
1783 508 1985 558 surrexit,

513 592 559 634 &
578 604 682 634 cum
702 583 906 631 fratribus
927 579 1125 644 vigiliam
1144 577 1379 624 celebravit
1396 581 1440 623 &
1462 583 1650 642 primam
1678 596 1688 623 :
1715 582 1856 643 prima
1876 579 1987 623 vero

510 653 681 720 expleta
700 649 904 698 fratribus
923 646 1051 694 solito
1071 662 1198 691 more
1216 662 1391 690 crucem
1409 645 1684 710 portantibus
1701 680 1713 700 ,
1748 643 1832 710 ipse
1852 661 1989 690 rema-

512 740 617 770 nens
636 725 679 766 in
691 715 864 765 ecclefia
884 712 1138 760 codiculum
1159 710 1405 758 breviatum
1425 729 1477 757 ex
1489 710 1657 777 psalmis
1670 728 1772 758 cum
1792 711 1882 757 aliis
1893 728 1989 757 ora-

515 787 708 837 tionibus
725 787 897 831 interim
916 779 1166 825 decantavit
1186 813 1198 833 ,
1232 777 1368 845 usque
1381 775 1489 824 dum
1500 778 1650 826 fratres
1672 796 1776 824 cum
1788 795 1916 824 cruce
1926 796 1990 823 re-

514 856 656 902 dirent
671 889 683 908 ,
717 855 761 896 &
775 847 940 894 missam
960 843 1277 891 sacrificationis
1297 844 1510 892 celebrare
1525 844 1749 911 coepiss'ent
1768 881 1780 901 ,
1815 843 1898 909 ipse
1908 849 1988 910 pri-

514 938 643 969 mum
655 916 814 965 devote
825 918 923 960 Deo
936 911 1188 958 sacrificium
1201 909 1390 958 offerens
1411 948 1422 968 ,
1465 930 1648 959 manum
1671 911 1897 959 sacerdotis
1908 912 1992 958 hu-

515 988 672 1035 militer
684 981 892 1029 osculans,
938 978 1124 1044 Expleta
1136 980 1243 1024 vero
1255 977 1373 1024 milla
1383 1011 1395 1030 ‚
1411 983 1583 1025 tertiam
1594 997 1696 1025 cum
1710 977 1911 1025 fratribus
1922 997 1992 1025 ex-

514 1054 662 1120 plevit,
678 1047 880 1095 fratribus
892 1048 999 1094 vero
1010 1045 1064 1092 ad
1075 1044 1315 1110 capitulum
1326 1044 1618 1111 pergentibus,
1630 1044 1714 1110 ipse
1725 1044 1853 1092 solito
1865 1062 1992 1092 more

513 1127 556 1168 in
568 1114 741 1165 ecclesia
751 1111 1110 1170 remanfit,donec
1122 1112 1295 1177 iignum
1308 1111 1362 1159 ad
1373 1111 1535 1159 sextam
1546 1111 1726 1159 sonaret.
1777 1114 1906 1159 Sexta
1917 1129 1992 1159 au-

514 1202 605 1234 tem
624 1183 736 1230 hora
751 1181 921 1246 expleta
937 1179 1083 1227 altaria
1107 1179 1318 1226 circuibat
1340 1197 1443 1225 cum
1462 1185 1592 1227 venia
1612 1215 1624 1235 ‚
1660 1192 1835 1225 cantans
1864 1177 1992 1225 Mise-

514 1270 605 1300 rere
619 1255 705 1296 mei
718 1253 837 1296 Deus
849 1281 862 1299 ,
888 1251 932 1293 &
943 1245 996 1293 de
1008 1244 1236 1310 profundis
1248 1279 1261 1299 ,
1281 1260 1388 1292 tunc
1399 1245 1580 1292 demum
1593 1244 1646 1292 ad
1667 1244 1921 1292 cubiculum
1932 1262 1994 1291 re-

514 1319 594 1366 diit
615 1315 668 1364 ad
686 1314 917 1362 lavandam
943 1313 1102 1359 faciem
1122 1312 1241 1359 suam
1261 1316 1305 1358 8<
1323 1311 1376 1358 ad
1395 1312 1562 1360 millam
1583 1314 1622 1359 le
1647 1311 1990 1378 praeparandum.

514 1383 739 1433 Missarum
751 1396 899 1428 autem
920 1379 1280 1426 celebrationibus
1297 1379 1474 1444 expletis
1487 1383 1530 1426 &
1542 1378 1721 1443 vesperis
1743 1377 1991 1436 decantatis,

514 1453 568 1500 ad
579 1449 864 1515 hospitiolum
876 1465 1116 1512 pauperum
1127 1450 1345 1511 pervenit,
1369 1449 1413 1492 &
1435 1464 1462 1491 x
1476 1464 1527 1492 11.
1545 1463 1786 1512 pauperum
1796 1444 1993 1510 pedesla-

515 1524 582 1568 vit
596 1551 610 1570 ,
634 1520 679 1563 δε
694 1521 841 1562 unicui
877 1532 931 1560 ue
950 1531 1105 1560 eorum
1119 1513 1171 1559 de
1206 1512 1385 1559 urceolo
1398 1517 1586 1578 pretium
1600 1517 1727 1559 unius
1746 1510 1995 1559 denariido-

516 1589 649 1633 navit.
684 1582 787 1629 Inde
806 1533 970 1627 reediens
989 1579 1042 1626 ad
1063 1579 1257 1627 mensam
1277 1580 1502 1643 pransurus
1520 1578 1711 1627 consedit
1730 1613 1742 1631 ‚
1782 1578 1839 1626 ibi
1861 1578 1994 1626 leffio

453 1684 458 1690 -
518 1669 610 1699 non
624 1649 764 1696 defuit
781 1684 794 1704 ,
838 1665 920 1694 nec
939 1645 1247 1710 praediCtorum
1268 1664 1512 1710 pauperum
1532 1645 1774 1692 multitudo
1796 1645 1992 1710 copiosa:

518 1715 712 1784 apposlta
721 1733 824 1761 cum
845 1712 1008 1778 gaudio
1028 1711 1205 1777 sumpsit
1222 1745 1234 1764 ,
1269 1716 1313 1758 ὃς
1326 1731 1429 1758 cum
1442 1730 1495 1759 eo
1513 1711 1787 1758 manentibus
1798 1717 1993 1760 maxima

520 1780 733 1832 hilaritate
745 1780 956 1827 distribuit
965 1815 976 1836 ,
997 1778 1340 1826 recordansillud
1349 1778 1570 1843 Apostoli,
1589 1780 1785 1825 Hilarem
1798 1784 1916 1826 enim
1926 1779 1994 1826 da-

520 1866 666 1899 torem
678 1849 820 1913 diligit
830 1852 960 1894 Deus.
983 1850 1229 1913 Unicuique
1242 1851 1358 1892 enim
1370 1845 1600 1910 praebebat,
1614 1844 1737 1912 quod
1749 1863 1850 1892 eum
1863 1845 1992 1892 liben.

520 1916 677 1965 tiffime
697 1914 862 1962 sumere
883 1912 1128 1960 aestimabat.
1163 1912 1278 1959 Cibo
1295 1914 1402 1959 vero
1422 1910 1710 1977 consumpto,
1733 1912 1995 1960 &omnibus

521 2002 626 2031 cum
637 1979 1080 2030 eocommorantibus
1097 1978 1318 2026 laetificatis
1329 2013 1342 2031 ‚
1363 1996 1566 2044 congruo
1582 1994 1779 2045 tempore
1798 1979 1996 2045 comple-

522 2056 689 2098 torium
703 2052 898 2094 recitavit
914 2083 925 2102 ,
945 2045 1113 2111 insuper
1122 2045 1211 2092 aliis
1224 2045 1493 2092 orationibus
1506 2047 1688 2111 peraciis
1701 2045 1856 2093 secreta
1874 2047 1994 2094 cubi-

523 2118 609 2165 culi
622 2134 725 2163 cum
736 2113 903 2161 filentio
913 2118 1114 2177 repetivit
1124 2149 1135 2168 ,
1160 2116 1204 2159 δε
1216 2130 1351 2159 omne
1361 2112 1638 2178 colloquium
1651 2147 1663 2165 ,
1690 2112 1765 2159 nisi
1777 2131 1879 2159 cum
1890 2118 1993 2161 Deo

525 2189 570 2231 &
584 2183 735 2230 sanfflis
745 2187 832 2243 ejus
844 2217 855 2235 ‚
874 2180 1009 2247 usque
1019 2178 1071 2226 ad
1081 2179 1250 2226 alterius
1271 2178 1354 2226 diei
1379 2185 1563 2243 primam
1574 2181 1793 2246 perafiam
1805 2182 1994 2227 omnino

523 2250 748 2299 devitavit.
832 2250 938 2293 Hoc
947 2245 1086 2293 modo
1098 2245 1186 2292 dies
1199 2244 1535 2313 quadragesimae
1550 2246 1739 2311 explevit
1756 2282 1768 2302 ‚
1806 2246 1994 2314 usquein

523 2314 1081 2380 diemindulgentiae‚quem
1103 2312 1254 2360 dicunt
1270 2312 1424 2360 Pascha
1435 2312 1682 2359 Palmarum
1697 2349 1707 2368 ,
1720 2330 1774 2359 eo
1786 2312 1993 2362 diemane

335 2384 502 2455 Jffl‘fias·
526 2382 721 2431 diluculo
739 2380 792 2428 ad
812 2380 1002 2427 sanciam
1018 2380 1044 2408 *
1060 2379 1216 2427 Afram
1226 2379 1446 2435 veniebat,
1464 2376 1547 2425 fiin
1566 2385 1778 2444 praetcrita
1790 2381 1993 2428 noeieibi

339 2428 407 2494 „522
413 2435 507 2505 'suff
527 2469 616 2497 non
626 2447 843 2499 manebat,
857 2447 1023 2494 missam
1035 2446 1087 2493 de
1098 2446 1241 2494 sancita
1250 2446 1462 2493 Trinitate
1473 2446 1686 2499 cantabat,
1694 2451 1738 2493 ὃς
1750 2464 1894 2495 ramos
1904 2447 1993 2513 pal-

340 2506 495 2573 fssfflljiffi
529 2535 702 2564 marum
720 2513 1070 2580 diversarumque
1085 2512 1312 2560 frondium
1335 2511 1615 2560 benedicebat
1631 2549 1642 2568 ,
1676 2514 1994 2581 evangelioque

341 2587 383 2612 ³⁵·
395 2585 509 2613 “da‘'fss'
532 2589 575 2630 &
588 2582 786 2631 crucibus
799 2585 843 2628 &
863 2583 888 2609 *
899 2583 924 2610 *
942 2580 1174 2627 fanonibus
1183 2614 1196 2633 ‚
1218 2584 1263 2626 ὃς
1274 2597 1378 2626 cum
1389 2578 1457 2625 effi
1460 2585 1531 2643 gie
1543 2578 1718 2627 sedentis
1731 2585 1917 2628 Domini
1930 2581 1996 2628 su-

341 2622 422 2696 ῗτῖζᾷ
432 2626 497 2692 ἶνῗὲ
532 2668 604 2714 per
614 2649 900 2705 asinum,cum
911 2647 1070 2695 clericis
1082 2650 1127 2693 8<
1139 2645 1419 2693 multitudine
1429 2646 1580 2711 populi
1594 2664 1738 2693 ramos
1749 2647 1996 2712 palmarum

343 2711 506 2779 ἶῖἷᾷᾜῖη.
533 2721 575 2761 in
587 2716 782 2763 manibus
794 2720 1003 2782 portantis
1024 2749 1036 2769 ,
1071 2717 1116 2759 ὃς
1130 2730 1233 2759 cum
1250 2711 1567 2758 cantationibus
1584 2712 1636 2758 ad
1650 2712 1871 2760 honorem
1888 2721 1996 2773 ejus-

342 2782 512 2850 ff‘ssssassgm
533 2781 630 2827 dem
642 2782 720 2828 diei
731 2780 982 2847 compositis
993 2814 1005 2832 ,
1026 2783 1072 2830 ὃς
1085 2795 1366 2843 cummagno
1378 2777 1535 2824 decore
1544 2778 1752 2843 pergebat
1763 2816 1774 2836 ‚
1795 2780 1929 2846 usque
1940 2779 1995 2828 ad

344 2861 450 2891 sexam.
535 2847 788 2915 collem,qui
799 2848 955 2895 dicitur
966 2844 1157 2894 Perleich
1169 2881 1181 2901 ‚
1216 2844 1363 2911 ibique
1373 2843 1552 2891 obviam
1567 2849 1604 2890 ei
1616 2845 1813 2893 veniebat
1832 2848 1993 2894 chorus

535 2919 844 2961 canonicorum
856 2932 959 2961 cum
979 2910 1301 2979 pulchritudine
1313 2928 1473 2975 magna
1483 2915 1528 2957 δε
1539 2929 1640 2958 cum
1655 2913 1820 2959 civibus
1830 2947 1842 2965 ‚
1856 2919 1931 2979 qui
1949 2918 1994 2959 in

535 2983 704 3025 civitate
715 2980 997 3028 remanserant
1009 3017 1021 3037 ‚
1042 2983 1087 3026 ὅ(
1132 2977 1238 3025 uide
1248 2977 1417 3043 oppidis
1433 2979 1834 3039 circumjacentibus
1851 2977 1945 3044 ipsis
1955 2978 1994 3025 se

536 3052 714 3108 jungere
730 3046 982 3099 voluerunt,
1003 3047 1062 3094 ibi
1074 2997 1128 3092 ad
1145 3043 1406 3092 imitandum
1418 3043 1710 3092 humilitatem
1732 3061 1994 3111 puerorum,

539 3109 883 3174 caeterorumque
892 3113 1159 3178 populorum
1172 3148 1182 3167 ,
1193 3115 1322 3158 ramis
1331 3109 1576 3176 palmarum
1588 3115 1630 3158 &
1644 3111 1904 3160 vestimentis
1916 3109 1998 3158 suis

541 3182 656 3226 viam
675 3175 964 3225 sternentium.
1007 3182 1058 3227 Iis
1078 3178 1258 3244 expletis
1278 3184 1343 3229 vir
1364 3176 1530 3226 sandius
1558 3176 1997 3244 congruentissimam

1804 3300 1807 3303 ,
1845 3241 1998 3291 admo-
