2260 3454
732 166 803 199 [Νι
828 165 1043 200 ΡκΑσΜ.
1080 165 1120 198 T.
1156 168 1203 199 A.
1610 169 1702 210 711

232 229 366 296 rumq}
381 229 610 277 intervalla
638 263 651 281 ‚
683 227 1022 292 magnitudinem
1051 261 1063 279 ‚
1099 227 1155 276 {5
1174 244 1348 276 annonae
1372 231 1533 292 copiam
1555 232 1600 279 in
1629 246 1706 277 nu-

232 308 398 345 merato
425 294 598 344 haberet
616 329 630 347 ,
676 309 758 357 quo
778 290 1085 357 praefiriberet,
1105 305 1262 357 quanta
1296 297 1518 343 exercitus
1532 309 1636 360 pars
1658 296 1705 344 in

231 377 480 427 unaquaque
498 359 713 408 commode
727 375 899 407 manere
909 355 1052 425 poſjet.
1122 361 1178 406 Et
1187 375 1234 405 ea
1243 359 1356 422 apud
1370 378 1437 408 me
1446 359 1703 427 verffimilli-

230 425 365 495 maest
377 427 515 492 opinio
553 444 567 472 :
612 425 889 473 Itinerarium
901 425 1358 490 provinciarum,quod
1370 430 1477 474 Ant.
1497 431 1610 493 Aug.
1628 429 1705 476 tri-

233 494 381 542 buitur
401 531 413 550 ,
446 496 570 559 quus
593 492 842 540 austoritate
853 489 1028 557 perſsepe
1051 488 1169 554 uficri
1180 489 1337 555 fiamus
1359 526 1372 544 ‚
1419 491 1443 539 ὰ
1463 495 1704 542 Metatori-

234 560 313 608 bus
322 560 530 624 maginem
539 558 703 606 ducere.
771 560 889 606 Nam
901 558 956 614 id,
993 559 1078 606 uod
1089 556 1359 622 Lampridius
1376 558 1553 606 ediffum
1574 560 1703 622 appel-

235 627 318 679 lat,
339 621 662 691 &DAmbrosto
666 620 798 689 serm.
807 640 852 683 5.
870 625 914 672 in
924 576 1067 690 pjizlm.
1085 628 1104 672 ι’
1118 632 1188 678 18.
1233 624 1514 687 Itinerarium
1530 624 1701 672 dicitur.

233 688 390 740 ‘Placet
418 703 558 739 totum
576 692 713 739 locum
731 688 966 756 exscribere
985 725 996 745 ‚
1032 689 1143 739 mire²
1160 691 1273 739 enim
1300 691 1356 740 ad
1371 689 1614 755 institutum
1631 708 1703 739 no-

231 755 362 821 strum
367 756 496 824 facit.
566 758 690 805 Miles
709 765 783 826 qui
803 759 1043 823 ingreditur
1061 764 1140 805 iter
1169 795 1181 814 ,
1225 758 1371 806 viandi
1389 758 1590 806 ordinem
1611 777 1703 805 non

221 819 320 890 >ipse
330 825 515 890 disponit
526 823 615 881 fibi,
625 843 706 871 nec
719 843 798 890 pro
809 824 886 871 suo
895 825 1073 872 arbitrio
1085 831 1203 872 viam
1215 830 1366 891 carpit,
1376 842 1456 872 nec
1466 825 1702 891 voluptua-

232 898 293 938 ria
314 905 458 956 captat
479 891 739 957 compendia
759 928 771 947 ,
805 910 859 937 ne
879 891 1048 938 recedat
1065 894 1087 938 a
1108 891 1236 956 signis
1269 910 1281 938 :
1327 891 1409 939 Sed
1430 895 1702 939 Itinerarium

234 957 287 1004 ab
306 964 567 1023 imperatore
587 962 740 1023 accipit
760 991 773 1009 ,
807 957 1053 1005 &custodit
1082 956 1187 1005 illud
1221 974 1234 1013 ς
1277 957 1520 1024 praescripto
1544 957 1704 1004 incedit

236 1023 409 1076 ordine,
432 1042 534 1071 cum
559 1028 686 1070 armis
706 1023 786 1070 suis
804 1024 1000 1071 ambulat
1032 1060 1045 1080 ,
1091 1026 1206 1071 rech
1225 1023 1297 1071 'ue
1315 1031 1384 1072 via
1404 1023 1582 1073 conficit
1594 1030 1700 1076 iter,

235 1105 287 1137 ut
303 1095 495 1137 inveniat
522 1104 859 1136 commeatuum
883 1090 957 1137 fibi
976 1106 1120 1156 parata
1137 1090 1211 1137 sub
1230 1091 1326 1138 1dia.
1394 1090 1531 1137 Sialio
1550 1089 1704 1138 ambu-

234 1156 546 1203 laverititinere
565 1189 579 1207 ‚
614 1174 834 1203 annonam
845 1175 936 1203 non
948 1162 1102 1221 accipit
1133 1192 1145 1212 ,
1192 1156 1463 1204 manfionem
1483 1171 1702 1222 paratam)

236 1241 328 1269 non
348 1228 513 1270 invenit
539 1243 552 1277 ς
598 1228 700 1288 quia
720 1225 961 1288 Imperator
976 1222 1040 1268 his
1055 1223 1173 1281 jubet
1194 1221 1286 1269 haec
1296 1228 1700 1288 praeparariomnia,

235 1294 314 1355 qui
325 1289 561 1356 sequuntur
570 1322 584 1341 ,
609 1306 688 1335 nec
700 1288 848 1335 dextra
862 1306 941 1335 nec
953 1287 1107 1335 finistra
1119 1290 1141 1334 a
1153 1288 1393 1353 praescripto
1411 1294 1560 1335 itinere
1577 1288 1702 1335 decli-

235 1369 351 1402 nant.
420 1354 672 1420 Meritocjue
683 1372 774 1401 non
784 1353 1024 1421 deficit,qui
1035 1358 1349 1419 Imperatorem
1362 1354 1400 1400 se
1436 1360 1551 1402 uitur
1560 1354 1702 1410 suum,

233 1421 459 1468 moderate:
472 1425 587 1483 enim
598 1420 804 1472 ambulat,
817 1415 917 1487 quia
930 1424 1171 1484 Imperator
1182 1438 1272 1466 non
1285 1421 1407 1487 quod
1435 1421 1492 1467 1bi
1500 1421 1621 1473 utile,
1634 1420 1704 1467 sed

238 1486 361 1553 quod
379 1486 585 1533 omnibus
603 1484 798 1550 poffibile
820 1485 1058 1533 considerat
1091 1505 1104 1541 g
1137 1486 1240 1532 idei>
1259 1490 1304 1534 ὃς
1325 1486 1491 1534 stativas
1508 1486 1704 1542 ordinat,

236 1551 382 1599 triduo
393 1551 586 1599 ambulat
597 1557 812 1599 exercitus
833 1589 845 1608 ,
879 1567 1037 1619 quarto
1048 1552 1272 1620 requiescit
1292 1552 1359 1600 die
1377 1590 1388 1609 ,
1415 1553 1637 1618 eliguntur
1648 1559 1704 1600 ci-

233 1625 408 1671 vitates,
430 1624 474 1666 in
485 1617 640 1686 quibus
651 1617 860 1675 triduum,
878 1618 1160 1686 quatriduum
1179 1652 1192 1671 ‚
1217 1623 1260 1665 &
1275 1619 1414 1684 plures
1424 1624 1704 1684 interponan-

238 1684 406 1732 tur‘dies
427 1722 439 1740 ‚
474 1683 636 1751 fiaquis
647 1683 870 1730 abundant
896 1718 910 1737 ,
946 1691 1222 1732 commerciis
1234 1685 1577 1752 frequentantur.
1645 1688 1704 1732 Et

234 1758 295 1799 ita
316 1751 400 1798 fine
418 1750 563 1798 labore
579 1747 809 1796 conficitur
825 1756 906 1797 iter
937 1786 950 1807 ,
994 1750 1134 1797 donec
1147 1752 1197 1798 ad
1207 1770 1304 1798 eam
1317 1751 1471 1798 urbem
1492 1757 1707 1817 pervenia-

237 1832 309 1865 tur
318 1852 330 1870 ‚
386 1835 448 1864 uae
461 1814 578 1884 quafi
588 1815 760 1880 Regalis
779 1815 955 1882 eligitur
965 1853 978 1873 ‚
996 1822 1038 1863 in
1050 1836 1136 1881 qua
1147 1816 1259 1865 feffis
1271 1818 1525 1865 exercitibus
1537 1823 1705 1886 requies

238 1887 360 1931 minii
384 1898 512 1930 retur.
580 1885 709 1930 Hanc
720 1882 863 1947 legem
872 1882 951 1929 effe
966 1883 1251 1949 praescriptam
1268 1918 1281 1936 ‚
1319 1884 1493 1931 Christo
1506 1885 1706 1941 ducente,

237 1951 387 1998 sanEiis
399 1948 763 2001 commeantibus,
774 1949 1054 2015 recognoscas
1065 1950 1212 1997 velim.
1281 1950 1474 1998 Profeffl
1483 1950 1578 1997 sunt
1587 1957 1705 1997 enim

239 2021 284 2064 δε
306 2031 445 2082 patres
461 2014 592 2063 nostri
609 2013 663 2061 de
672 2028 783 2062 terra
794 2019 976 2082 AEgypti
1008 2052 1021 2074 ,
1065 2018 1285 2082 perlonga
1306 2015 1433 2082 spatia
1443 2031 1705 2074 terrarum-2,

239 2080 767 2150 quorumstativaeomnes
787 2116 800 2135 ‚
836 2081 1387 2149 mansionesquedescriptae
1398 2083 1493 2130 sunt
1512 2117 1526 2136 ,
1562 2083 1705 2130 donec

239 2148 394 2204 Cades,
403 2148 445 2196 id
454 2148 525 2201 est,
536 2146 589 2195 ad
600 2147 849 2195 sancstorum
862 2163 1019 2195 terram
1033 2155 1340 2211 perveniretur.
1385 2151 1441 2199 V
1434 2149 1627 2216 idffl,qui5
1636 2150 1707 2197 iti-

240 2215 403 2264 nerarii
411 2211 509 2280 usus
517 2249 530 2269 ,
543 2215 617 2281 qui
627 2214 758 2263 etiam
766 2212 818 2262 ab
827 2215 919 2263 aliie
932 2211 987 2281 ell
996 2212 1259 2282 observatus.
1275 2218 1445 2266 Verum
1455 2217 1678 2266 enimvero
1685 2250 1702 2269 ,

242 2298 440 2347 quomam

407 2418 588 2481 Segnius
597 2420 783 2464 irritatnt
794 2421 989 2463 animum
1000 2415 1172 2463 demiffa
1181 2433 1256 2481 per
1264 2433 1412 2463 aurem
1423 2452 1435 2472 ,

404 2483 555 2544 Quam
568 2500 663 2549 quae
673 2483 768 2530 sunt
779 2483 917 2530 oculis
927 2482 1150 2530 commista
1160 2481 1367 2534 fidelibus,
1381 2486 1427 2529 &
1435 2501 1532 2551 quae

402 2549 490 2614 Ipse
500 2548 575 2596 fibi
585 2548 713 2596 tradit
722 2549 949 2616 speetator.

238 2681 357 2729 Hinc
377 2678 583 2735 credibile,
596 2680 750 2731 libellos
769 2682 1014 2731 itinerarios
1038 2680 1284 2747 quandoque
1306 2680 1525 2728 delineatur
1550 2680 1701 2731 tabulis

237 2748 469 2811 explicatos
512 2769 526 2803 ς
580 2765 662 2815 quo
681 2750 885 2798 nimirum
912 2750 1117 2797 itinerum
1136 2785 1149 2805 ‚
1177 2748 1232 2797 65
1240 2743 1498 2813 mansionum
1509 2745 1704 2815 constitu·

239 2815 302 2861 tio
311 2815 355 2861 in
366 2812 516 2863 tabulis
525 2832 609 2864 uno
617 2814 872 2881 intuitufitb
889 2816 1192 2880 imperatorum
1211 2814 1352 2861 oculos
1362 2814 1549 2862 veniret.
1613 2815 1701 2863 Ne-

241 2897 321 2945 que
328 2880 375 2927 id
382 2882 492 2928 nulla
503 2882 553 2929 de
565 2878 698 2949 cauffa
731 2920 744 2941 ‚
788 2883 953 2948 quando
961 2882 1043 2930 haec
1053 2882 1098 2929 in
1100 2879 1582 2945 primulmperatoribus
1598 2898 1700 2930 cura

242 2947 439 2994 curanda.
486 2949 631 2997 Fuerit
650 2950 871 2998 exercitus
897 2949 1105 3014 Lugduno
1121 2951 1427 3001 Batavorum,
1456 2950 1700 2996 Novioma-

232 3030 341 3080 gum
360 3015 600 3064 movendus
615 3049 629 3070 ,
665 3014 716 3064 ob
734 3016 1069 3083 magnitudinem
1084 3048 1098 3068 ,
1129 3014 1208 3063 vel
1222 3014 1305 3064 alia
1325 3016 1477 3081 quavis
1493 3011 1701 3083 occqfione-

1588 3081 1699 3131 divi-
